2113 3271
189 426 500 482 Disputatione
546 426 602 469 ad
651 427 780 469 finem
829 427 1039 481 perducta
1086 427 1141 469 ad
1187 428 1365 482 longum
1400 427 1677 470 academicae
1709 434 1826 470 vitae

130 486 387 530 curriculum
418 492 633 540 respicere
665 486 805 528 liceat.

189 545 401 600 Imprimis
432 554 580 600 grates
613 554 655 587 et
684 560 815 599 aqere
849 554 891 587 et
922 545 1086 587 habere
1119 545 1262 588 debeo
1287 544 1386 587 Deo
1405 543 1591 599 Optimo
1611 544 1824 590 Maximo,

129 611 203 659 qui
220 619 356 658 usque
374 603 431 646 ad
457 603 500 646 id
526 611 735 658 temporis
767 620 846 658 per
877 611 995 646 vitae
1027 603 1300 646 difficultates
1332 604 1639 657 molestiasque
1671 604 1826 646 multas

128 679 196 706 me
229 669 516 709 sustentavit;
550 678 617 705 me
649 662 797 706 docuit
829 663 980 717 fuqere
1012 663 1132 717 quod
1165 673 1230 706 est
1259 663 1483 708 subinane,
1518 673 1564 705 ut
1601 672 1827 717 amputata

128 728 464 775 circumcisaque
496 728 615 764 omni
652 729 847 764 vanitate
881 729 1196 775 requiescerem
1230 728 1272 763 in
1307 720 1387 764 Eo.

187 779 456 823 Facultatem
490 781 591 822 mihi
623 780 816 823 oblatam
850 796 944 823 esse
974 781 1159 834 gaudeo,
1194 791 1241 822 ut
1274 796 1325 822 ex
1358 787 1503 822 animo
1520 787 1681 834 qratias
1698 796 1825 835 aqam

128 839 270 885 vobis,
303 839 523 882 clarissimi
539 839 807 882 Academiae
827 838 1010 881 Liberae
1030 839 1311 881 Reformatae
1338 839 1621 892 professores,
1641 855 1825 893 quorum

128 914 225 941 cum
258 898 458 941 doctrina
490 908 578 940 tum
607 898 920 941 benevolentia
954 908 1040 940 tam
1072 898 1144 940 diu
1178 898 1258 940 frui
1292 898 1393 939 mihi
1427 898 1596 939 licebat.

186 956 398 1000 Omnium
445 963 629 1011 primum
677 963 858 999 nomino
906 956 1177 1010 Woltjerum
1226 966 1408 1009 patrem,
1458 963 1576 998 cuius
1618 963 1826 999 memoria

127 1015 340 1059 omnibusv
377 1015 597 1070 discipulis
642 1031 802 1070 maqna
851 1022 1014 1069 pietate
1068 1025 1133 1058 est
1180 1015 1457 1058 celebranda.
1510 1015 1641 1057 Hunc
1686 1022 1825 1057 virum

128 1075 423 1120 clarissimum.
458 1090 627 1117 summo
659 1081 837 1129 ingenio
869 1081 1166 1128 exquisitaque
1199 1076 1412 1119 doctrina,
1447 1074 1651 1128 singulari
1673 1081 1827 1116 mentis

127 1140 339 1180 acumine,
387 1133 614 1179 modestia,
665 1141 828 1187 pietate
877 1133 1172 1178 excellentem,
1208 1144 1347 1176 morte
1380 1140 1609 1175 immatura
1641 1149 1666 1174 a
1699 1133 1826 1175 nobis

127 1193 359 1247 abreptum
392 1208 499 1238 esse,
533 1199 628 1246 quis
660 1208 750 1235 non
783 1193 915 1235 fleat?
961 1192 1096 1235 Cuius
1129 1192 1323 1237 consilio,
1359 1199 1615 1246 praeceptis,
1651 1198 1827 1234 monitis

128 1251 230 1293 mihi
261 1267 287 1294 a
320 1267 458 1305 puero
490 1258 729 1305 impertitis,
764 1262 973 1305 quantum
997 1252 1194 1297 debeam,
1217 1258 1288 1293 vix
1306 1251 1452 1293 verbis
1472 1252 1617 1305 eloqui
1636 1266 1824 1303 possum.

132 1309 340 1365 Magistri
373 1317 730 1365 praestantissimi
763 1318 975 1353 memoria
1008 1326 1180 1364 semper
1207 1317 1250 1352 in
1283 1317 1429 1352 animo
1463 1326 1561 1353 meo
1593 1316 1729 1352 vivet.

187 1367 380 1424 Eqreqio
428 1380 553 1423 patre
601 1380 774 1411 mortuo
823 1379 939 1412 tuam
987 1376 1126 1412 vicem
1174 1369 1320 1415 doleo,
1367 1369 1597 1411 clarissime
1630 1368 1826 1422 Woltjer

128 1426 219 1474 Fili,
268 1438 500 1483 promotor
547 1435 922 1474 aestumatissime,
968 1435 1034 1470 cui
1080 1429 1309 1482 plurimum
1357 1428 1515 1470 debeo.
1566 1426 1687 1474 Quid
1725 1428 1826 1469 mihi

128 1502 243 1529 nunc
275 1494 328 1530 sit
359 1493 504 1533 animi,
539 1502 634 1530 cum
668 1494 751 1529 iam
785 1494 826 1529 in
861 1503 915 1530 eo
948 1494 1039 1533 sim,
1073 1498 1119 1530 ut
1150 1488 1290 1529 studia
1310 1487 1560 1529 academica
1583 1486 1825 1532 absolvam,

127 1556 302 1600 praeter
346 1556 515 1589 ceteros
559 1556 710 1588 notum
743 1557 806 1588 est
840 1547 929 1592 tibi,
964 1562 1092 1599 quem
1126 1547 1227 1588 mihi
1260 1553 1499 1599 principem
1533 1555 1574 1588 et
1606 1545 1662 1587 ad
1695 1552 1825 1587 susci-

127 1605 355 1658 -piendam
403 1615 446 1648 et
492 1605 548 1647 ad
595 1605 925 1660 ingrediendam
976 1606 1152 1648 huiusce
1200 1612 1346 1659 operis
1390 1612 1604 1647 rationem
1638 1611 1826 1646 extitisse

128 1663 291 1711 video:
339 1671 459 1706 cuius
507 1664 666 1706 scholis
713 1664 849 1707 breve
897 1674 1081 1717 tempus,
1140 1671 1259 1706 cuius
1305 1670 1564 1717 praeceptis,
1624 1663 1824 1709 consiliis,

128 1723 433 1769 familiaritate,
467 1723 784 1766 consuetudine
819 1723 976 1766 multos
1009 1740 1086 1777 per
1118 1739 1260 1765 annos
1293 1722 1393 1764 mihi
1426 1730 1486 1765 uti
1505 1722 1682 1767 licebat:
1707 1728 1826 1764 cuius

127 1782 285 1824 domus
326 1798 497 1836 semper
544 1783 645 1824 mihi
687 1782 897 1836 patebat;
943 1789 1062 1824 cuius
1096 1789 1311 1837 sagacitas
1343 1797 1581 1834 sensusque
1614 1781 1826 1823 subtilitas

127 1856 218 1884 non
250 1841 527 1884 mediocriter
559 1841 661 1883 mihi
693 1841 1027 1883 admirationem
1062 1842 1315 1884 movebant.
1348 1841 1416 1883 Te
1450 1842 1551 1883 mihi
1584 1847 1748 1882 socium
1783 1850 1825 1883 et

128 1899 385 1947 adiutorem,
419 1900 659 1942 studiosum
693 1900 903 1946 studioso,
937 1902 1163 1953 aequalem
1196 1901 1367 1954 aequali
1407 1907 1648 1953 proximum
1682 1899 1823 1943 fuisse,

129 1965 202 2013 qui
237 1968 303 2002 tot
349 1975 490 2002 annos
537 1965 770 2013 ingenium,
805 1960 1016 2004 laborem,
1053 1959 1180 2002 fidem
1214 1970 1463 2013 promptam
1497 1965 1824 2012 expositamque

128 2017 394 2072 praebueris,
459 2034 721 2072 quamquam
782 2025 884 2060 satis
927 2034 1144 2072 superque
1189 2019 1266 2061 tibi
1310 2028 1403 2061 erat
1453 2028 1622 2060 tuarum
1669 2032 1823 2062 rerum,

129 2086 258 2131 grato
290 2083 437 2119 animo
470 2093 639 2131 semper
672 2077 953 2120 recordabor.

186 2134 302 2182 Tibi,
347 2136 582 2180 clarissime
627 2135 834 2182 Geesink,
883 2143 968 2189 qui,
1017 2142 1196 2190 eqreqia
1252 2136 1465 2181 doctrina,
1522 2133 1826 2189 philosophiae

128 2194 354 2237 historiam
386 2195 637 2250 logicesque
669 2196 886 2238 elementa
918 2211 985 2237 me
1018 2194 1231 2241 docueris,
1265 2202 1427 2249 qratias
1460 2210 1589 2247 quam
1619 2199 1825 2235 maximas

128 2269 230 2307 ago.
273 2252 339 2296 Ut
377 2260 421 2296 in
452 2261 671 2297 suavitate
704 2255 985 2296 humanitatis
1016 2254 1281 2307 periucunde
1314 2260 1479 2296 versari
1511 2252 1638 2298 soles,
1673 2262 1718 2294 ut
1752 2261 1824 2294 tua

129 2318 260 2354 animi
291 2312 448 2355 lenitas
479 2329 651 2368 semper
684 2313 887 2359 florescit,
921 2320 980 2355 ita
1012 2323 1053 2355 te
1081 2319 1124 2354 in
1143 2328 1209 2355 me
1225 2312 1638 2356 benevolentissime
1655 2326 1826 2364 semper

131 2380 174 2413 te
206 2371 475 2425 praebuisse,
508 2383 658 2427 gratus
690 2372 917 2425 libensque
950 2371 1176 2414 confiteor.

186 2428 289 2472 Tibi
333 2446 523 2484 quoque,
571 2431 805 2474 clarissime
853 2430 1048 2484 Kuyper,
1097 2437 1163 2473 vir
1211 2429 1578 2475 excellentissime,
1624 2435 1744 2471 cuius
1769 2428 1824 2471 de

128 2487 278 2531 litteris
321 2487 629 2532 Neerlandicis
675 2490 833 2533 scholis
879 2500 925 2532 ut
968 2496 1221 2532 interessem
1270 2489 1373 2531 mihi
1405 2495 1601 2542 contigit,
1635 2494 1850 2531 sinceras,

128 2562 216 2601 ago
248 2554 424 2602 gratias.

189 2605 279 2650 Eos
310 2606 512 2660 denique,
546 2613 619 2661 qui
652 2605 932 2649 Bibliothecis
964 2605 1363 2649 Amstelodamensi
1396 2616 1439 2649 et
1457 2604 1679 2648 Bumanae
1698 2620 1824 2658 prae-

129 2664 265 2711 -fecti,
298 2665 515 2708 benevole
547 2665 691 2708 officia
722 2673 1043 2720 praestiterunt,
1079 2681 1241 2720 maqno
1274 2665 1526 2708 adiumento
1560 2664 1662 2706 mihi
1679 2664 1823 2709 fuisse,

129 2733 257 2778 grato
289 2731 436 2767 animo
468 2740 780 2767 commemoro.
