2159 3288
1053 127 1137 168 227

300 257 532 302 Praeterea
575 256 659 299 alia
704 262 873 310 priscae
920 255 1141 310 religionis
1173 263 1431 309 argumenta
1463 269 1515 297 ex
1548 252 1811 296 carminibus
1844 251 1941 295 Ho-

245 322 436 361 -mericis
467 316 610 359 afferri
641 331 697 358 ne
728 314 958 358 molestum
990 321 1067 357 sit:

305 375 459 419 Ulixes
488 381 637 418 stricto
669 373 816 429 gladio
849 388 894 416 se
925 380 968 415 in
1000 371 1159 415 Circen
1176 371 1414 426 nympham
1428 377 1600 414 irruisse
1618 377 1744 425 eique
1758 378 1942 413 mortem

245 441 454 477 minatum
487 449 582 477 esse
616 441 765 476 narrat
795 433 842 480 [κ
874 433 953 474 321
992 437 1129 486 sqq.]:

596 494 684 549 ἐγὼ
717 493 753 536 δ’
791 494 866 548 ἄορ
900 493 974 543 ὀξὺ
1007 492 1294 546 ἐρυσσάμενος
1328 491 1444 545 παρὰ
1477 494 1615 545 μηροῦ

423 553 566 608 Κίρκῃ
599 553 758 607 ἐπήιξα
794 553 852 601 ὥς
887 568 930 593 τε
963 553 1171 606 κτάμεναι
1201 549 1445 605 μενεαίνων.

419 614 445 668 ἠ
480 613 525 654 δὲ
560 612 673 667 μέγα
707 611 889 667 ἰάχουσα
920 611 1135 664 ὑπέδραμε
1170 609 1247 650 καὶ
1281 610 1393 663 λάβε
1424 608 1603 661 γούνων,

422 672 498 714 καί
531 668 573 725 μ’
607 670 907 725 ὀλοφυρομένη
937 670 1046 711 ἔπεα
1075 669 1306 722 πτερόεντα
1339 667 1573 722 προσηύδα·

304 728 436 772 Schol
473 731 595 773 ΗΘΤ
627 736 868 771 annotant:
901 728 1013 783 μέγα
1047 728 1249 782 ἰάχουσα]
1282 727 1370 768 Διὰ
1397 727 1446 768 τὸ
1469 726 1946 780 φοβεῖσθαιτρωθῆναι

248 790 328 832 οὐκ
356 789 607 831 ἀποθανεῖν.
643 787 767 830 Διατί
799 789 844 829 δὲ
879 787 1079 841 ἐφοβήθη
1110 787 1135 840 ἦ
1177 786 1317 840 Κίρκη
1352 786 1399 826 τὸ
1432 785 1551 840 ξίφος
1586 786 1662 826 τοῦ
1691 783 1944 831 Ὀδυσσέως

249 849 336 890 θεὰ
367 849 508 900 οὖσα;
543 848 676 902 φαμὲν
710 848 776 889 ὅτι
808 847 905 895 τοὺς
938 847 1068 888 πόλυν
1111 845 1260 900 χρόνον
1308 845 1471 894 ζῶντας
1518 843 1725 898 δαίμονας
1770 841 1943 896 θανάτῳ

248 908 294 950 δὲ
343 908 459 962 ὅμως
503 906 972 961 καθυποβαλλομένους
1023 904 1147 952 θεοὺς
1207 904 1362 944 εἴωθεν
1416 900 1631 957 ὀνομάζειν
1682 902 1703 943 ὁ
1753 900 1943 955 ποιητής.

252 967 278 1020 ἢ
310 969 505 1022 φυσικῶς
539 967 745 1020 φοβεῖται
778 965 826 1006 τὸ
860 963 984 1018 ξίφος
1016 964 1041 1016 ἡ
1078 963 1236 1016 Κίρκη,
1291 962 1348 1010 ὡς
1400 959 1474 1002 καὶ
1523 961 1654 1009 ἄλλας
1703 959 1817 1008 τινας
1844 959 1943 1008 ὕλας

248 1025 358 1074 τινὲς
390 1027 474 1066 τῶν
509 1023 734 1077 δαιμόνων.

308 1090 333 1125 λ
357 1081 413 1123 48
446 1096 540 1134 sqq.
576 1079 729 1122 Ulixes
763 1094 807 1121 se
825 1077 973 1132 gladio
991 1083 1246 1119 instructum
1265 1091 1415 1118 manes
1432 1091 1520 1128 quo
1538 1081 1676 1117 minus
1690 1080 1944 1128 sanquinem

248 1140 452 1183 biberent
482 1138 763 1192 impedivisse
790 1146 951 1181 narrat,
982 1142 1235 1189 priusquam
1252 1133 1452 1177 Tiresiae
1469 1149 1624 1176 vocem
1642 1139 1944 1187 cognovisset:

424 1200 549 1248 αὐτὸς
582 1199 628 1240 δὲ
663 1199 787 1252 ξίφος
822 1198 895 1248 ὀξὺ
930 1197 1211 1251 ἐρυσσάμενος
1245 1195 1362 1249 παρὰ
1395 1197 1532 1248 μηροῦ

423 1259 550 1312 ἥμην,
583 1257 674 1300 οὐδ’
712 1258 814 1299 εἴων
844 1256 1006 1297 νεκύων
1041 1255 1227 1309 ἀμενηνὰ
1262 1256 1429 1308 κάρηνα

425 1317 608 1370 αἵματος
642 1317 775 1359 ἆσσον
809 1317 901 1369 ἴμεν
933 1315 1027 1369 πρὶν
1058 1314 1287 1367 Τειρεσίαο
1320 1312 1559 1355 πυθέσθαι.

306 1373 381 1417 ubi
410 1374 544 1417 schol.
583 1377 620 1419 Θ
653 1382 868 1416 annotat:
903 1374 1022 1427 κοινή
1058 1390 1116 1422 τις
1151 1373 1272 1426 παρὰ
1306 1372 1550 1425 ἀνθρώποις
1587 1371 1698 1413 ἐστὶν
1736 1370 1948 1425 ὑπόληψις

248 1437 315 1478 ὅτι
345 1435 486 1490 νεκροὶ
520 1435 593 1477 καὶ
624 1433 814 1489 δαίμονες
850 1432 1020 1488 σίδηρον
1054 1435 1306 1487 φοβοῦνται.
1327 1427 1356 1482 1)

309 1491 471 1547 Magni
516 1498 560 1534 in
604 1491 686 1534 hac
731 1506 776 1534 re
826 1496 1034 1533 momenti
1067 1499 1166 1531 sunt
1200 1504 1251 1530 ea
1284 1503 1397 1542 quae
1430 1486 1601 1529 disserit
1632 1484 1789 1540 Tylo
1809 1502 1828 1527 r
1859 1485 1947 1532 [o.l.
1986 1498 1989 1515 ι

250 1549 299 1597 12.
342 1568 383 1606 p.
437 1551 559 1603 140]:
611 1549 737 1597 „The
791 1549 977 1592 oriental
1024 1548 1155 1602 jinn2)
1200 1562 1274 1589 are
1307 1553 1350 1588 in
1397 1546 1501 1589 such
1536 1544 1697 1598 deadly
1730 1554 1871 1587 terror
1903 1543 1953 1586 of

248 1617 358 1657 iton.
406 1610 501 1653 that
533 1616 586 1652 its
632 1624 745 1663 very
782 1624 909 1651 name
955 1614 989 1649 is
1032 1623 1057 1649 a
1103 1607 1250 1649 charm
1298 1611 1469 1660 against
1511 1604 1653 1650 them:
1702 1603 1790 1646 and
1823 1619 1873 1646 so
1905 1609 1949 1645 in

250 1667 491 1724 European
523 1668 711 1712 folklore
742 1674 838 1710 iron
871 1667 1017 1709 drives
1049 1681 1180 1719 away
1213 1665 1358 1707 fairies
1389 1663 1476 1706 and
1493 1662 1731 1709 elves‚and
1748 1662 1950 1715 destroys

250 1728 361 1772 their
407 1743 576 1783 power.
623 1727 756 1781 They
803 1742 878 1769 are
912 1724 1175 1778 essentially,
1209 1731 1240 1766 it
1272 1739 1424 1769 seems,
1459 1731 1679 1765 creatures
1710 1721 1949 1775 belonging

251 1797 299 1830 to
332 1788 406 1830 the
438 1794 613 1830 ancient
644 1785 781 1829 Stone
814 1785 927 1840 Age,
960 1784 1048 1827 and
1078 1784 1150 1826 the
1178 1798 1279 1825 new
1297 1782 1426 1824 metal
1444 1788 1478 1824 is
1500 1780 1770 1824 hatefuland
1788 1780 1950 1822 hurtful

251 1856 298 1890 to
345 1847 475 1889 them.
518 1845 643 1889 Now
689 1861 737 1888 as
784 1854 831 1887 to
864 1851 974 1890 iron.
1007 1843 1189 1886 witches
1221 1857 1296 1885 are
1329 1840 1523 1895 brought
1555 1840 1694 1882 under
1726 1839 1799 1882 the
1831 1854 1949 1882 same

250 1914 464 1961 category
495 1921 544 1948 as
576 1904 696 1948 elves
727 1904 814 1947 and
847 1903 1127 1958 niqhtmares.
1164 1901 1265 1944 Iron
1296 1906 1577 1943 instruments
1612 1899 1724 1952 keep
1756 1898 1873 1941 them
1906 1907 1951 1940 at

250 1964 353 2019 bay,
399 1964 487 2007 and
531 1963 765 2018 especially
806 1969 902 2005 iron
946 1961 1210 2004 horseshoes
1254 1960 1369 2002 have
1413 1960 1527 2002 been
1569 1958 1733 2001 chosen
1766 1957 1835 2000 for
1867 1956 1951 1999 this

250 2039 457 2079 purpose,
490 2039 538 2066 as
570 2023 662 2065 half
692 2022 766 2065 the
800 2021 940 2064 stable
974 2020 1109 2063 doors
1140 2026 1183 2061 in
1217 2017 1422 2073 Enqland
1455 2018 1537 2060 still
1569 2016 1785 2069 show.’'³)

308 2081 522 2137 Opinioni
554 2083 725 2136 vulgari
758 2082 890 2124 multa
922 2086 1132 2133 variaque
1165 2077 1222 2120 ad
1254 2078 1517 2120 daemonum
1550 2082 1637 2118 vim
1664 2074 1950 2129 frangendam

252 2141 445 2184 remedia
477 2151 603 2184 erant
639 2150 757 2184 nota.

308 2369 337 2418 1)
366 2367 430 2408 Cf.
462 2373 486 2406 λ
517 2369 579 2411 82,
608 2368 671 2411 95,
703 2369 790 2406 231.

309 2422 336 2470 2)
366 2421 461 2460 Hoc
489 2434 636 2460 nomen
679 2420 776 2459 dant
819 2419 976 2458 Arabes
1014 2417 1252 2467 quibusdam
1294 2415 1568 2456 daemonibus,
1610 2419 1676 2463 qui
1715 2418 1757 2451 vi
1800 2418 1952 2462 magica

254 2475 437 2514 homines
461 2481 661 2523 superant,
691 2472 897 2511 inferiores
926 2478 1056 2510 autem
1085 2477 1175 2509 sunt
1203 2469 1366 2519 angelis,
1394 2473 1461 2518 qui
1490 2466 1698 2506 Melaikeh
1724 2466 1917 2505 dicuntur.

308 2526 411 2566 Esse
447 2526 660 2565 creduntur
705 2525 836 2574 „jinn”
877 2524 943 2563 vel
985 2523 1164 2572 „djinns”
1204 2523 1365 2572 benigni
1406 2529 1444 2560 et
1480 2520 1652 2570 maligni,
1679 2525 1746 2569 qui
1787 2523 1952 2568 proprio

254 2585 416 2620 nomine
459 2579 654 2629 sheyatim
699 2579 775 2629 [i.e.
818 2577 1050 2627 daemones]
1081 2575 1343 2626 appellantur.
1374 2574 1607 2622 Daemones
1638 2573 1780 2622 quibus
1806 2584 1952 2610 nomen

254 2641 313 2672 est
346 2632 542 2682 „Djinns”
574 2638 799 2682 congruunt
827 2645 916 2669 cum
944 2629 1207 2669 daemonibus
1248 2634 1306 2670 iis,
1351 2632 1418 2677 qui
1446 2626 1685 2666 Germanice
1710 2623 1949 2668 „Kobolde”

253 2694 293 2725 et
323 2684 562 2729 „Gnomen”
593 2685 786 2727 dicuntur,
813 2689 880 2733 qui
908 2683 1025 2722 iidem
1054 2688 1266 2721 occurrunt
1295 2686 1335 2719 in
1352 2680 1496 2719 fabulis
1509 2678 1779 2718 orientalibus.
1802 2677 1951 2716 Eorum

255 2753 403 2778 nomen
431 2753 520 2778 cum
548 2751 653 2777 voce
681 2738 804 2776 latina
829 2750 903 2786 q.e.
937 2735 1125 2786 „genius”
1155 2735 1369 2773 cohaerere
1397 2738 1481 2772 veri
1509 2732 1633 2772 simile
1662 2739 1731 2771 est.

310 2793 339 2843 ³)
369 2791 433 2832 Cf.
476 2791 690 2833 Grimm,
733 2789 939 2829 Deutsche
980 2787 1242 2838 Mytbologie
1286 2786 1437 2838 [1835]‚
1467 2800 1534 2836 pp.
1566 2785 1670 2828 4352
1700 2784 1804 2826 465:
1839 2782 1950 2821 1056.

256 2845 320 2884 W
337 2860 362 2884 u
379 2853 394 2884 t
410 2852 424 2884 t
441 2845 467 2884 k
484 2859 518 2888 e,
561 2843 958 2893 Volksaberqlaubess
990 2841 1140 2893 [1900],
1170 2855 1208 2891 p.
1238 2840 1301 2879 95.
