2159 3288
1065 96 1149 136 242

1045 220 1172 263 VIII.

314 329 418 373 Vox
451 345 532 383 q.e.
566 331 727 384 δαίμων
762 334 804 369 in
837 326 1046 380 Odyssea
1079 326 1174 380 plus
1206 341 1336 380 quam
1353 332 1396 368 in
1415 325 1548 368 Iliade
1566 332 1608 368 in
1626 333 1751 369 metri
1768 326 1956 370 formam

257 389 383 431 fixam
416 388 536 431 abiit.

1068 489 1143 532 IX.

314 599 590 653 Hymnorum
624 605 787 650 poetae
820 595 863 638 H
883 612 910 638 0
929 613 969 638 m
985 611 1008 639 e
1028 602 1073 638 ri
1106 612 1230 638 usum
1262 602 1386 638 vocis
1408 611 1491 650 qe.
1511 598 1674 652 ’δαίμων
1692 603 1828 640 secuti
1843 607 1957 639 sunt.

1075 723 1130 768 X.

314 832 454 875 Vocis
501 847 583 885 qe
632 833 792 886 δκίμων
840 837 934 873 usui
980 830 1037 872 ad
1081 830 1412 885 distinguendas
1445 837 1589 874 varias
1622 838 1664 873 in
1696 831 1961 874 carminibus

255 898 386 945 epicis
418 900 586 934 aetates
617 906 707 933 non
741 890 920 932 multum
949 889 1228 933 tribuendum
1261 899 1338 932 est.

313 1124 454 1168 Vocis
502 1140 583 1179 q.e.
633 1127 795 1181 δαίμων
845 1131 1059 1178 originem
1103 1140 1125 1167 e
1158 1124 1305 1167 radice
1337 1128 1410 1169 87.-
1451 1142 1497 1156 =
1527 1143 1621 1181 vva,
1658 1124 1811 1168 suffixo
1846 1145 1959 1182 -μων

254 1194 395 1230 aucta,
429 1184 674 1227 ducendam
709 1199 803 1227 esse
836 1190 1022 1227 conicio.

314 1425 598 1468 Mortuerum
646 1431 886 1467 animarum
935 1424 1095 1467 cultum
1139 1434 1242 1467 ante
1289 1424 1332 1467 H
1353 1441 1438 1467 om
1457 1440 1480 1468 e
1499 1440 1563 1467 ru
1582 1442 1622 1467 m
1664 1432 1867 1479 viguisse,
1913 1436 1962 1468 ut

253 1491 380 1527 etiam
406 1490 651 1538 posteriore
682 1494 828 1526 aetate
860 1484 951 1526 divi
984 1499 1132 1526 manes
1164 1484 1436 1530 colebantur,
1471 1490 1574 1527 satis
1606 1494 1792 1527 constat.
1828 1484 1961 1528 Hanc

254 1554 400 1586 tamen
458 1543 588 1586 fuisse
645 1559 776 1586 unam
823 1543 962 1585 solam
1010 1544 1280 1597 religionem,
1329 1543 1446 1586 unde
1493 1553 1668 1586 ceterae
1715 1554 1960 1590 orerentur,

256 1602 326 1656 [cf.
362 1602 588 1648 Rohde,
627 1601 704 1645 Gr,
741 1601 834 1645 Rei.
869 1602 1026 1656 (1895),
1061 1619 1102 1657 p.
1137 1604 1162 1645 7
1196 1601 1276 1656 sq.]
1313 1602 1576 1646 concludere
1609 1619 1699 1646 non
1731 1603 1843 1646 licet.

1039 1707 1175 1750 'XIII.

310 1813 357 1856 In
397 1814 658 1856 carminibus
701 1820 835 1868 epicis
867 1821 1000 1868 poeta
1030 1814 1087 1856 ad
1113 1821 1245 1869 ipsius
1278 1814 1504 1858 arbitrium
1538 1814 1646 1858 deos
1678 1825 1826 1869 partes
1859 1831 1958 1858 suas

254 1883 435 1928 agentes
466 1873 643 1915 inducit.

1043 1966 1170 2010 XIV.

310 2072 356 2114 In
389 2073 673 2115 existimanda
706 2073 917 2127 religione
950 2080 1072 2127 epica
1108 2073 1218 2116 illius
1250 2083 1434 2117 naturae
1472 2074 1746 2120 artificiosae,
1780 2082 1959 2129 ingenio

255 2138 429 2185 poetico
463 2132 672 2178 excultae,
705 2139 818 2175 ratio
851 2132 1057 2176 habenda
1091 2143 1168 2176 est.

1046 2243 1152 2286 XV.

314 2347 361 2389 In
424 2347 681 2392 Homeri
735 2357 858 2392 vocis
904 2366 987 2404 q.e.
1036 2353 1196 2407 &aigum
1244 2367 1324 2393 usu
1372 2352 1583 2394 nonnulla
1629 2358 1957 2406 antiquISSimaz*

253 2414 472 2461 opinionis
504 2415 699 2462 vestigia,
735 2416 933 2462 quamvis
966 2416 1134 2464 exigua,
1168 2410 1459 2453 discernenda
1491 2421 1603 2453 sunt.

1014 2521 1141 2563 XVI.

312 2623 420 2666 Non
451 2633 516 2666 est
547 2639 622 2666 cur
655 2625 949 2669 adsentiamur
982 2644 1022 2669 v.
1046 2628 1086 2670 d.
1119 2627 1213 2671 Wi
1233 2638 1335 2674 tte,
1370 2628 1479 2671 haec
1512 2629 1716 2671 scribenti
1738 2627 1957 2683 [Singular-

254 2683 342 2725 und
374 2681 519 2725 Plural
552 2682 777 2735 (Teubner
816 2687 953 2739 1907),
988 2703 1029 2740 p.
1065 2686 1166 2741 59]:

311 2741 424 2788 „Die
473 2740 662 2784 Formen
713 2746 878 2799 δώματι
924 2745 1013 2787 und
1061 2746 1281 2801 8<5›51.7.r5t(v)
1326 2746 1473 2789 bilden
1514 2762 1632 2789 zwar
1664 2746 1792 2789 beide
1825 2753 1955 2790 einen

256 2800 486 2854 Daktylus‚
521 2801 609 2843 und
641 2801 755 2844 doch
788 2803 883 2845 sind
916 2811 989 2849 sie,
1023 2821 1116 2847 was
1149 2805 1239 2848 ihre
1272 2804 1594 2860 Verwendunq
1613 2813 1667 2848 im
1689 2805 1957 2849 Hexametei·
