2159 3288
1092 81 1189 122 236⁷

343 208 510 255 Quanti
556 217 700 250 autem
748 213 915 249 intersit
959 207 1170 250 eiusmodi
1211 215 1397 263 vestigia
1429 225 1582 253 eruere
1615 220 1657 254 et
1689 213 1985 261 considerare,

288 274 515 320 unicuique
547 265 790 319 apparebit,
825 272 897 318 qui
930 272 1038 308 scire
1068 273 1227 320 cupiat,
1261 268 1366 321 quid
1399 276 1532 322 poeta
1556 269 1610 312 de
1628 270 1811 315 deorum
1830 282 1988 316 natura

287 326 427 378 deque
459 325 667 379 religione
700 331 906 366 universa
938 331 1213 378 cogitaverit.

342 384 389 426 In
422 384 503 427 hac
536 389 815 437 inquisitione
847 390 1122 437 perspicuum
1156 384 1318 427 factum
1351 394 1428 432 est,
1461 393 1640 440 poetam
1672 388 1744 430 illa
1777 396 1987 444 antiquis-

286 450 437 486 -simae
467 443 686 496 religionis
719 448 896 484 numina
925 442 1180 496 plerumque
1209 443 1498 487 formidolosa
1515 453 1787 489 convertisse
1804 454 1847 490 in
1866 465 1987 492 mera

286 509 460 544 numina
493 501 641 543 divina
685 510 728 543 et
760 501 868 543 deos
901 511 1021 543 certa
1051 500 1190 555 figura
1220 509 1581 558 circumscriptos,
1617 512 1689 559 qui
1722 505 1984 551 horrendam

288 561 639 615 phantasmatum
673 560 957 612 deposuerint
988 569 1203 602 naturam.

342 619 415 660 Ab
467 618 508 660 H
529 634 556 660 o
576 634 654 660 me
673 625 720 660 ri
769 618 848 660 diis
893 626 1104 673 supremis
1151 629 1284 673 atque
1318 620 1566 664 hominibus
1598 630 1987 676 praestantissimis

284 678 545 720 daemonum
580 677 731 731 religio
765 677 955 720 obscura
985 688 1049 720 est
1081 678 1354 721 alienissima.
1388 678 1463 722 Ab
1496 687 1720 734 epicorum
1743 690 1982 726 carminum

283 736 529 779 hominibus
562 736 915 789 phantasmatum
949 746 1141 780 terrores
1174 737 1526 793 daemonumque
1543 748 1794 784 nocentium
1815 757 1986 786 errores
2022 735 2033 745 ⁹

286 795 458 837 absunt.
483 796 506 847 ¹)

335 853 530 896 Numina
561 853 770 896 chthonia
804 863 902 896 sunt
935 855 1143 910 relegata.
1164 855 1332 902 Hades‚
1354 856 1591 900 inferorum
1610 873 1683 900 rex
1700 859 1985 913 implacabilis

281 922 411 966 atque
459 912 748 958 inexorabilis,
797 914 1045 967 appellatur
1093 921 1289 972 βροτοῖσι
1321 920 1436 959 θεῶν
1469 919 1671 973 ἔχθιστος
1712 921 1909 962 ἁπάντων
1948 918 1982 973 [Ι

286 971 411 1025 159];
446 972 526 1014 sub
559 972 668 1014 illius
700 972 872 1015 dicione
906 983 1005 1015 sunt
1037 984 1310 1017 mortuorum
1343 982 1527 1022 animae,
1563 992 1672 1030 quas
1705 984 1862 1020 retinet
1889 984 1983 1031 ipse

283 1030 400 1076 deus,
435 1037 506 1084 qui
540 1031 695 1074 dicitur
725 1035 948 1087 πυλάρτης
985 1034 1251 1089 κρκτερός-2)

338 1089 470 1132 Artes
517 1097 708 1144 magicas
756 1100 799 1133 et
846 1093 1053 1134 miracula
1087 1093 1143 1134 dii
1175 1099 1256 1146 ipsi
1289 1093 1551 1136 conficiunt:
1588 1093 1741 1138 Ulixes
1773 1094 1980 1139 Athenae

280 1149 450 1203 virgula
479 1159 707 1192 contactus
740 1156 782 1191 in
816 1166 963 1193 senem
997 1159 1284 1198 convertitur,
1319 1153 1471 1195 eadem
1504 1160 1547 1195 vi
1580 1153 1729 1197 divina
1762 1170 1815 1197 ex
1833 1164 1978 1198 taetro

282 1223 385 1251 sene
417 1208 636 1251 formosus
669 1215 838 1251 iuvenis
872 1219 936 1252 est
967 1210 1123 1253 factus.
1143 1211 1173 1264 3)

337 1266 498 1320 Neque
543 1275 584 1309 in
632 1278 774 1310 terrae
806 1275 922 1310 rimis
955 1284 1097 1323 neque
1129 1276 1172 1311 in
1205 1276 1346 1312 noctis
1377 1269 1555 1313 latebris
1588 1278 1766 1314 numina
1798 1288 1982 1326 quaere-

280 1326 460 1368 -bantur
491 1326 568 1368 sed
598 1333 640 1368 in
673 1327 823 1369 lucidis
856 1326 1039 1381 Olympi
1073 1334 1232 1371 montis
1264 1328 1470 1382 fastigiis:

451 1386 540 1429 οὔτ’
578 1388 774 1441 ἀνέμοισι
804 1390 1055 1430 ramanent
1090 1390 1191 1432 οὔτέ
1224 1389 1321 1431 ποτ’
1358 1390 1510 1445 ὄμβρῳ

455 1446 621 1488 δεύετκι
657 1448 751 1488 οὔτε
786 1448 888 1500 χιὼν
924 1448 1211 1499 &matham—ai,
1248 1449 1361 1490 ἀλλὰ
1393 1449 1490 1503 μάλ’
1528 1450 1664 1504 αἴθρη

452 1505 668 1547 πέπτκτκι
702 1506 921 1559 ἀνέφελος,
959 1509 1094 1562 λευκὴ
1131 1507 1166 1548 δ’
1205 1508 1475 1562 ἐπιδέδρομεν
1511 1509 1668 1563 αἴγλη·

454 1568 514 1618 τῷ
550 1565 611 1605 ἔνι
642 1565 871 1619 τέρπονται
900 1567 1092 1621 μάκαρες
1128 1566 1226 1609 θεοὶ
1259 1568 1404 1621 ἤματα.
1436 1568 1587 1609 πάντα..

339 1619 524 1663 Pulchre
557 1621 660 1664 dicit
691 1622 802 1665 Sch
823 1623 939 1665 mid
971 1623 1059 1670 [o.l.
1096 1623 1143 1670 1⁶,
1177 1641 1219 1678 p.
1253 1623 1353 1678 791:
1390 1623 1478 1671 „Es
1510 1624 1781 1668 schwanden
1815 1641 1865 1668 so
1897 1641 1981 1668 vor

278 1679 377 1721 dem
426 1679 668 1723 Lichtblick
716 1681 1014 1725 homerischer
1062 1682 1401 1738 Idealqestalten
1444 1683 1513 1726 die
1556 1684 1697 1727 rohen
1729 1684 1820 1726 und
1852 1684 1980 1727 aber-

279 1738 581 1792 -qlaubischen
613 1739 964 1796 Vorstellunqen
997 1742 1075 1785 der
1101 1742 1269 1785 'alteren
1298 1741 1402 1785 Zeit
1418 1743 1508 1786 und
1525 1752 1653 1786 unter
1670 1743 1770 1786 dem
1790 1742 1980 1786 Einflusz

277 1797 355 1840 der
384 1796 532 1841 Sonne
567 1798 760 1842 Homers
791 1800 1072 1855 durchdranq
1105 1808 1173 1844 ein
1205 1802 1596 1849 hochstrebender.
1630 1802 1807 1849 idealer,
1826 1803 1980 1858 ausge-

278 1856 460 1899 -klarter
492 1857 597 1900 Sinn
630 1858 699 1901 die
731 1875 870 1913 qanze
903 1859 1168 1914 Nationffw)

333 1914 397 1957 Ut
429 1915 605 1960 Graeco
637 1918 801 1961 homini
835 1934 885 1961 ex
914 1929 1046 1962 nocte
1079 1919 1170 1962 dies
1202 1926 1354 1966 oritur,
1389 1926 1449 1963 sic
1471 1936 1522 1963 ex
1540 1920 1820 1963 tenebrarum
1839 1936 1979 1975 regno

276 1974 463 2017 lucidum
520 1983 747 2030 imperium
805 1977 923 2021 Iovis
971 1977 1184 2033 Olympii,
1234 1979 1418 2022 deorum
1466 1980 1779 2034 hominumque
1826 1987 1976 2034 patris,

277 2044 472 2077 exortum
507 2045 585 2078 est.

334 2092 497 2136 Novae
530 2094 707 2137 huiusce
740 2095 962 2150 religionis
995 2104 1162 2140 semina
1194 2097 1361 2140 radices
1392 2097 1600 2152 agebant.
1619 2095 1647 2151 5)

336 2151 495 2195 Utrum
544 2170 680 2208 porro
729 2154 880 2198 Iovem
930 2172 1135 2210 supremo
1168 2156 1357 2211 denique
1390 2163 1574 2211 imperio
1607 2172 1701 2200 esse
1733 2156 1978 2211 praeditum

277 2221 399 2263 putet
431 2220 576 2265 poeta,
610 2229 666 2255 an
686 2213 796 2256 illius
829 2231 1006 2269 quoque
1023 2222 1330 2259 auctoritatem
1364 2215 1554 2270 quadam
1572 2231 1623 2259 ex
1642 2225 1769 2271 parte
1784 2216 1976 2271 pendere

328 2479 357 2529 1)
388 2479 451 2518 Cf.
482 2480 514 2518 R
535 2482 690 2523 ohde.
733 2482 798 2521 o.l.
830 2483 873 2525 1⁴,
904 2498 971 2533 pp.
1008 2486 1080 2526 11;
1111 2486 1172 2523 39.

330 2534 357 2582 2)
385 2532 426 2570 N
455 2534 542 2572 415.
579 2534 641 2573 Cf.
673 2535 1466 2585 Naqelsbach-Autenrieth,
1497 2538 1973 2588 0.l.pp.114sqq.;370.

274 2585 579 2629 Buchholz,
611 2587 675 2626 0.l.
707 2588 767 2631 III,
798 2603 864 2638 pp.
895 2591 1119 2629 329—340.

328 2639 356 2688 3)
385 2654 404 2676 ν
433 2640 510 2678 429
538 2654 648 2689 sqq:
692 2655 718 2678 π
749 2643 820 2680 172
850 2657 934 2692 sqq.
975 2643 1039 2682 Cf.
1082 2644 1114 2682 B
1133 2644 1397 2687 uchholz‚
1428 2644 1494 2684 0.l.
1525 2644 1586 2687 ΙΙΙ,
1619 2659 1657 2694 p.
1687 2645 1749 2683 76.

325 2694 353 2741 4)
384 2692 587 2735 Rohde.
631 2694 694 2732 o.l.
727 2694 770 2737 1¹,
802 2710 839 2744 p.
879 2698 947 2734 ll:
980 2696 1062 2739 „Es
1091 2697 1305 2737 herrschen
1331 2703 1371 2736 in
1399 2698 1469 2737 der
1498 2697 1617 2737 Welt
1649 2712 1722 2736 nur
1735 2697 1800 2736 die
1814 2696 1972 2740 Gotter.

273 2745 389 2784 keine
419 2745 578 2784 blassen
605 2745 888 2795 Gespenster.”
919 2748 983 2788 Cf.
1014 2749 1238 2793 Samte1·‚
1285 2751 1350 2789 o.l.
1381 2765 1419 2800 p.
1449 2752 1510 2790 21.

327 2799 355 2847 5)
386 2798 449 2838 Cf.
494 2798 738 2848 Gruppe,
783 2802 847 2840 o.l.
880 2801 923 2843 ΙΙ,
954 2817 1020 2851 pp.
1052 2804 1141 2845 992.
1171 2805 1219 2846 22
1254 2804 1353 2842 1044
1383 2818 1440 2853 sq.
