2159 3288
1106 77 1194 141 198*

298 212 330 250 1)
363 209 418 250 98
451 223 514 260 sq.
548 205 701 250 ὁππότ’
736 208 840 261 ἀνὴρ
874 207 1009 258 ἐθέλῃ
1041 207 1147 260 πρὸς
1178 206 1365 260 δαίμονα
1399 206 1509 261 φωτὶ
1538 208 1776 262 μάχεσθαι,

555 268 598 308 ὅν
632 283 679 308 κε
709 267 807 314 θεὸς
840 269 950 319 τιμᾷ
974 261 1002 315 1)

355 324 472 365 Idem
505 323 624 365 valet
657 329 699 364 in
736 325 867 377 ,ποὺς
902 322 1108 377 δαίμονα”
1144 320 1201 362 ib.
1232 321 1325 363 104.

352 382 526 425 Vocem
575 397 656 435 q..e
703 385 768 425 δα,
764 383 880 436 ’μων.
930 387 973 422 vi
1018 385 1194 433 passiva
1241 390 1494 434 usurpatam
1540 381 1598 427 [Θ
1637 382 1717 423 166
1749 385 1885 439 πάρος
1929 401 1995 427 τοι

297 444 360 484 ὸα
365 460 416 497 μ
401 460 470 485 νγ.
517 443 662 491 δώσω]
711 439 840 493 plane
887 438 1137 491 discrepare
1177 454 1204 480 a
1249 454 1363 481 voce
1411 454 1494 492 qe.
1528 443 1645 490 θεὸς
1678 450 1878 493 apertum
1915 451 1993 484 est.

355 500 402 542 In
459 498 666 553 Odyssea
727 513 815 539 uno
862 497 963 540 loco
1012 499 1176 554 δαίμων
1225 507 1268 540 et
1317 500 1411 541 θεοί
1457 504 1570 540 inter
1616 514 1662 541 se
1709 510 1996 553 opponuntur

298 558 331 612 [ε
369 559 453 601 396
485 557 590 610 sq.]:

970 618 1179 672 στυγερὸς
1214 617 1259 658 δέ
1291 618 1332 659 οἱ.
1364 618 1492 672 ἔχραε
1525 618 1704 671 δαίμων,

466 677 679 718 ἀσπάσιον
713 675 749 718 δ’
781 677 861 730 ἄρα
894 677 965 718 τόν
1002 693 1052 730 γε
1089 677 1183 718 θεοὶ
1215 677 1458 731 κακότητος
1489 677 1665 723 ἔλυσαν,
1687 674 1717 729 2)

356 733 489 775 Hisce
523 733 629 775 locis
661 748 751 775 non
784 740 1031 788 promiscue
1064 748 1208 787 neque
1241 749 1321 776 suo
1354 733 1536 776 arbitrio
1568 744 1800 788 utramque
1839 750 1996 778 vocem

293 807 523 845 usurpasse
556 799 748 845 poetam,
783 792 1046 835 concludere
1078 792 1189 835 licet.

353 851 486 893 Multi
520 860 665 893 tamen
697 861 796 894 sunt
828 851 925 898 loci,
963 852 1120 906 quibus
1152 851 1373 894 vocabula
1421 854 1581 907 δαίμων
1630 861 1673 894 et
1716 856 1832 904 θεὸς.
1881 853 1995 896 idem

293 910 591 964 significantia,
624 918 870 964 promiscue
903 920 1191 964 usurpantur:
1223 917 1266 953 in
1298 917 1501 954 oratione
1519 920 1640 953 recta
1667 917 1780 954 enim
1798 918 1890 954 sine
1908 912 1996 955 ullo

293 970 538 1011 discrimine
570 969 767 1012 adhiberi
800 970 878 1012 has
921 986 1055 1013 voces
1101 970 1158 1012 ad
1205 969 1535 1024 significandum
1577 986 1739 1013 numen
1785 970 1994 1017 divinum,

293 1045 424 1082 supra
445 1035 667 1082 copiosius
685 1029 899 1083 explicavi
918 1028 1030 1084 [cap.
1054 1028 1126 1083 Il].
1147 1029 1250 1072 Hoc
1268 1029 1359 1071 fieri
1377 1036 1521 1083 potuit
1538 1044 1607 1076 eo,
1627 1029 1747 1083 quod
1765 1029 1996 1073 discrimen

293 1094 405 1130 inter
438 1098 668 1142 utramque
700 1104 857 1131 vocem
883 1088 1199 1143 pedetemptim
1233 1095 1497 1131 minueretur
1514 1098 1647 1143 atque
1665 1090 1996 1143 evanesceret.³)

296 1146 456 1189 Utrum
502 1147 568 1190 his
608 1148 714 1190 locis
746 1154 969 1202 utriusque
1002 1154 1125 1190 vocis
1157 1164 1258 1190 usus
1290 1163 1314 1190 e
1348 1157 1488 1190 metro
1521 1148 1714 1202 pendeat
1746 1163 1898 1195 necne,
1933 1158 1998 1191 est

294 1221 438 1251 causa,
473 1222 587 1260 quae
618 1206 687 1249 hic
719 1214 761 1249 in
794 1213 1098 1261 quaestionem
1132 1216 1197 1249 est
1228 1206 1446 1249 vocanda.

352 1264 607 1319 Priusquam
655 1266 711 1308 ad
759 1266 871 1308 hanc
918 1282 1009 1308 rem
1039 1265 1261 1311 accedam,
1296 1265 1507 1308 nonnulla
1540 1265 1642 1307 mihi
1675 1266 1863 1309 dicenda
1895 1277 1996 1309 sunt

293 1324 346 1366 de
378 1324 673 1367 locutionibus
706 1341 837 1378 supra
869 1325 1010 1367 allatis
1048 1327 1244 1381 ,,δαίμονι
1274 1326 1399 1382 {soff
1437 1334 1479 1366 et
1514 1328 1679 1381 ,,πάρος
1710 1344 1776 1369 τοι
1813 1328 1996 1383 δαίμονα.

295 1385 472 1428 δώσω.”
1443 1431 1446 1433 ,

351 1442 506 1484 Verba
554 1458 632 1496 q.s.
676 1445 845 1498 δαίμονι
887 1445 995 1494 ἶσος,
1030 1458 1144 1496 quae
1177 1442 1433 1485 hexametro
1465 1449 1702 1497 aptissima,
1735 1450 1890 1487 novies
1923 1460 1996 1486 ex—

292 1512 495 1544 -tremam
542 1517 694 1544 versus
742 1512 913 1555 partem
960 1511 1194 1556 occupant,
1212 1501 1240 1555 4)
1288 1508 1331 1544 in
1364 1501 1609 1545 locutiones
1640 1502 1733 1544 illas
1765 1503 1998 1546 referenda

293 1576 386 1603 esse
420 1561 520 1602 mihi
553 1560 771 1606 videntur,
821 1577 933 1615 quae
966 1567 1145 1604 carmini
1178 1567 1306 1614 epico
1339 1577 1419 1615 per
1451 1577 1496 1604 se
1527 1561 1795 1604 haberentur
1827 1578 1996 1605 accom-

293 1620 532 1662 -modatae
582 1619 649 1662 Eo
698 1620 818 1673 quod
867 1630 968 1674 post
1015 1620 1230 1663 diaeresin
1277 1620 1520 1663 bucolicam
1553 1630 1723 1663 tantum
1755 1630 1820 1664 est
1852 1628 1998 1675 posita

293 1679 402 1722 haec
444 1680 622 1725 locutio,
671 1686 956 1733 antiquissimi
1004 1686 1206 1722 carminis
1253 1686 1364 1734 epici
1411 1679 1618 1723 habenda
1660 1688 1738 1723 est'.
1775 1679 1997 1724 Diaeresis

293 1738 492 1781 bucolica
525 1745 651 1784 enim,
692 1754 804 1792 quae
830 1738 1181 1793 frequentissime
1199 1745 1241 1780 in
1260 1745 1383 1792 poesi
1400 1746 1524 1793 epica
1542 1745 1775 1786 invenitur.
1793 1739 1822 1793 5)
1841 1740 1998 1783 multas

293 1804 574 1840 conservavit
621 1804 785 1852 priscas
833 1798 1010 1840 formas.
1044 1797 1129 1840 Vir
1161 1797 1319 1840 doctus
1351 1797 1570 1845 Witte.
1606 1798 1661 1841 de
1695 1808 1836 1842 metro
1869 1806 1996 1853 epico

293 1856 520 1910 disputans
551 1855 620 1903 [R.
656 1855 706 1899 E.
739 1856 866 1903 VIII,
901 1864 925 1899 i.
944 1874 986 1900 v.
1023 1856 1260 1903 Homeros,
1294 1872 1329 1900 c.
1364 1859 1497 1910 2244]
1529 1873 1626 1901 cum
1659 1858 1743 1900 alia
1776 1868 1865 1901 tum
1888 1859 1997 1902 haec

294 1915 488 1969 profert:
555 1916 660 1963 „das
705 1915 939 1959 Versende
983 1932 1075 1959 von
1122 1916 1200 1960 der
1246 1916 1532 1959 bukolischen
1581 1916 1793 1960 Diaerese
1839 1917 1896 1960 ab
1945 1924 1998 1960 ist

293 1975 505 2029 diejenige
552 1974 808 2021 Versstelle,
856 1976 1023 2019 welche
1071 1976 1139 2018 die
1186 1982 1370 2019 meisten
1412 1976 1763 2020 altertiimlichen
1805 1975 1998 2020 Formen

294 2034 569 2076 konserviert
598 2034 704 2076 hat''
726 2068 734 2076 .
755 2069 762 2076 .
784 2068 821 2076 ..
856 2045 900 2078 et
929 2035 1066 2078 haec:
1103 2034 1280 2082 „Unter
1311 2035 1462 2079 diesen
1496 2035 1765 2090 Kategorien
1792 2035 1997 2079 befinden

293 2094 381 2135 sich
427 2093 495 2135 die
528 2093 848 2136 bekanntesten
879 2094 1185 2138 homerischen
1234 2093 1440 2137 Formeln
1460 2128 1587 2136 .....
1640 2094 1771 2138 dabei
1817 2095 1998 2138 handelt

294 2168 338 2194 es
396 2152 486 2195 sich
533 2152 723 2196 iiberaus
770 2153 916 2208 haufig
964 2171 1035 2196 um
1082 2153 1320 2197 altererbte
1367 2153 1674 2208 Wendungen
1719 2154 1810 2197 und
1854 2155 1998 2209 langst

294 2221 535 2344 ersgarrte„
533 2210 751 2258 Formeln,
786 2213 855 2255 die
888 2229 982 2255 zum
1015 2213 1241 2257 friihesten
1275 2212 1472 2267 Requisit
1503 2213 1764 2267 altepischer
1795 2213 1998 2257 Technik

294 2286 347 2343 ge
384 2287 491 2313 oren

347 2379 376 2428 1)
407 2380 515 2419 Vide
548 2395 667 2430 supra
696 2395 733 2429 p.
767 2382 851 2420 105.

349 2434 376 2481 9)
406 2432 535 2482 Supra
563 2448 600 2482 p.
636 2435 719 2473 145.

346 2486 375 2534 3)
416 2486 645 2529 Finsler
688 2501 724 2526 o
743 2488 764 2525 l.
797 2487 838 2530 12
869 2502 905 2537 p.
935 2489 1034 2527 270:
1077 2488 1212 2532 ‚Dass
1238 2489 1321 2527 sich
1350 2488 1414 2527 die
1443 2487 1631 2527 Grenzen
1661 2489 1862 2528 zwischen
1893 2488 1997 2528 Gott

293 2539 375 2576 und
404 2538 566 2577 Damon
595 2540 858 2590 gelegentlich
888 2542 1150 2584 verwischen
1180 2541 1275 2591 liegt
1303 2547 1343 2580 in
1368 2542 1438 2580 det
1466 2541 1600 2580 Natur
1628 2542 1697 2580 der
1726 2541 1895 2581 Sache¹⁹
1932 2541 1997 2582 Cf.

295 2592 523 2634 Usener
556 2594 620 2655 o..l
651 2608 688 2642 p
715 2595 802 2632 248.
835 2594 1229 2644 Nagelsbach
1233 2595 1599 2638 Autenrieth.
1630 2594 1695 2634 01.
1727 2610 1764 2644 p
1797 2597 1846 2634 74
1873 2609 1930 2645 sq.

349 2646 376 2694 ⁴)
404 2646 437 2689 ξ
455 2687 527 2694 v*
546 2689 567 2690 W
639 2647 957 2696 ;pervulgatum
987 2654 1099 2686 metri
1128 2649 1288 2687 schema
1319 2648 1398 2688 hoc
1427 2655 1486 2687 est
1513 2653 1553 2686 in
1581 2653 1689 2687 exitu
1704 2663 1868 2687 versus.
1901 2662 1999 2687 con-

294 2697 520 2794 —geranturh
528 2699 617 2790 loci
651 2699 692 2737 Ili
683 2700 808 2791 iatl‘lils9
824 2708 862 2739 et
907 2700 1122 2750 Odysseae
1147 2715 1267 2751 supra
1299 2702 1353 2752 [p.
1388 2702 1459 2740 185
1490 2701 1565 2751 sq.]
1596 2701 1716 2741 allati.
1745 2702 1841 2740 Vid
1873 2701 1997 2740 Gl--e

355 2757 468 2790 itsc
553 2765 578 2790 0
650 2767 688 2801 p.

349 2806 376 2854 ⁵)
405 2804 514 2844 Vide
543 2818 662 2854 supra
690 2820 727 2855 p.
763 2806 846 2848 185
854 2807 886 2844 2.
