2125 3288
938 94 987 134 21

109 233 150 265 et
180 223 378 265 homines
409 229 518 264 inter
550 237 595 264 se
627 222 1020 275 coniungebantur.
1055 221 1214 264 factum
1234 231 1310 263 est.
1331 219 1497 263 Eadem
1515 230 1660 264 aetate
1679 228 1807 266 etiam

108 291 380 324 mortuorum
412 288 581 323 animae
615 283 811 336 δαίμονες]
841 281 1129 334 appellantur.

167 339 406 394 Praecipue
440 338 679 382 Platone
709 350 889 382 auctore
922 340 1164 382 mediorum
1198 345 1418 380 numinum
1434 337 1636 381 doctrina
1654 338 1807 393 ampli-

106 399 303 445 -ficatur;
337 399 575 441 daemones
608 399 791 440 deorum
824 406 1097 452 superiorum
1130 398 1370 440 administri
1401 408 1500 439 sunt
1533 397 1648 442 facti,
1677 404 1806 450 iique,

105 473 201 500 cum
250 467 293 500 et
323 458 541 500 bonorum
575 467 617 499 et
650 457 860 499 malorum
895 468 1038 500 essent
1069 468 1284 503 auctores,
1319 463 1475 510 partim
1510 455 1616 498 boni
1649 463 1806 510 partim

106 517 205 558 mali
237 516 527 559 habebantur.
562 515 689 558 Haec
731 518 927 571 δαίμονος
972 523 1202 561 sententia,
1250 531 1408 557 numen
1456 515 1645 557 medium
1693 515 1804 560 dico,

54 594 58 597 ‘
105 576 312 629 paulatim
369 575 657 629 praevalebat
711 585 965 628 ceterasque
1012 575 1350 629 significationes
1398 581 1535 628 magis
1582 580 1806 628 magisque

106 635 374 677 obscurabat
421 644 463 676 et
507 641 751 688 posteriore
796 643 954 680 aetate
989 634 1108 687 quod
1140 634 1311 687 quidem
1345 633 1402 675 ad
1433 649 1677 676 sermonem
1710 633 1807 675 vul-

105 709 275 748 -garem
304 700 471 738 attinet,
491 709 601 736 voce
629 695 695 737 821:
700 712 792 749 (wo)
825 700 1000 735 numina
1033 693 1112 735 diis
1144 693 1364 735 deteriora
1382 692 1630 734 hominibus
1648 702 1805 746 poten-

103 759 239 794 -tiora
263 751 631 805 significabantur.
651 753 679 805 ¹)
714 751 930 805 Denique.
966 767 1265 823 quaecumque
1283 752 1395 793 mala
1428 761 1564 797 erant.
1584 767 1635 793 ea
1655 758 1806 793 omnia

103 810 159 852 ad
191 811 428 853 daemones
459 821 661 854 auctores
695 811 1011 855 referebantur
1030 810 1060 863 ’3)
1094 826 1183 863 quo
1217 810 1377 852 factum
1407 820 1484 854 est.
1520 820 1565 852 ut
1598 810 1805 864 paulatim

102 876 226 912 vocis
258 869 483 912 daemonis
515 876 580 912 vis
613 878 792 911 omnino
825 876 867 911 in
901 875 1163 911 sententiam
1197 869 1486 922 depravatam
1535 869 1689 911 abiret.
1736 868 1806 911 Sic

103 935 145 970 in
177 928 311 971 Sacra
343 928 566 982 Scriptura
615 938 657 970 et
702 927 819 982 apud
867 937 1013 980 patres
1060 928 1268 970 ecclesiae
1304 931 1497 983 &mcum
1530 928 1806 982 appellantur

102 994 234 1042 ipsius
264 989 362 1030 mali
393 993 591 1041 principii
624 986 863 1029 administri
897 997 940 1029 et
972 987 1189 1028 satellites.

888 1069 909 1092 >k
999 1069 1019 1092 ²1¹<

942 1098 963 1121 >k

161 1150 286 1194 Haec
333 1151 468 1194 multa
517 1158 727 1205 variaque
761 1158 793 1193 si
828 1151 908 1193 sub
942 1167 1030 1193 uno
1063 1161 1243 1204 aspectu
1272 1157 1482 1205 posueris,
1517 1151 1652 1204 longa
1685 1161 1806 1204 patet

101 1217 188 1256 via,
223 1226 309 1264 qua
341 1218 463 1253 vocis
493 1212 655 1266 3223),ch
689 1210 1041 1265 significationes.
1064 1221 1110 1252 ut
1127 1217 1186 1252 ita
1216 1210 1370 1256 dicam,
1404 1220 1501 1252 sunt
1527 1226 1803 1264 progressae.

102 1268 201 1323 Ipsa
233 1269 459 1312 daemonis
486 1280 641 1312 natura
673 1277 852 1315 incerta.
887 1285 999 1322 quae
1031 1276 1143 1312 inter
1175 1269 1283 1312 deos
1316 1279 1358 1312 et
1391 1269 1589 1312 homines
1616 1269 1804 1312 medium

100 1337 221 1370 tenet
267 1329 423 1374 locum.
472 1328 613 1374 efficit,
672 1339 717 1370 ut
759 1335 929 1381 saepius
990 1345 1101 1382 quae
1146 1335 1211 1371 vis
1257 1335 1358 1370 voci
1400 1335 1499 1370 insit
1543 1328 1802 1382 ambigatur.

99 1385 283 1441 Antiqui
316 1394 396 1442 ipsi
428 1388 646 1430 interdum
680 1398 834 1430 nutare
867 1387 1131 1441 videntur.3)

156 1456 241 1499 Vir
272 1457 428 1500 doctus
460 1457 656 1511 Krejci
689 1465 731 1500 in
764 1464 887 1500 initio
905 1458 1223 1512 disputationis,
1247 1473 1360 1511 quae
1378 1458 1623 1500 inscribitur
1654 1455 1804 1504 „Uber

99 1516 170 1558 die
202 1517 532 1572 urspriingliche
582 1515 840 1572 Bedeutung
882 1517 960 1559 der
993 1517 1291 1572 griechischen
1327 1516 1658 1570 Daimones‚''⁴)
1692 1517 1800 1559 haec

101 1575 233 1618 dicit:
271 1574 384 1622 „Die
415 1577 746 1630 urspriingliche
781 1575 1039 1630 Bedeutung
1073 1576 1150 1619 des
1182 1575 1373 1618 Wortes
1406 1577 1570 1631 δαίμων
1592 1575 1696 1618 lasst
1714 1576 1802 1618 sich

98 1635 212 1677 nach
229 1634 307 1677 der
323 1635 659 1689 gewohnlichen
677 1635 1109 1689 lexicographischen
1128 1635 1379 1677 Schablone
1398 1636 1516 1677 nicht
1548 1635 1801 1677 feststellen.

102 1692 188 1736 Die
219 1693 469 1748 bisherigen
504 1693 709 1737 Erklarer
741 1694 886 1737 haben
918 1695 1006 1737 sich
1034 1701 1109 1736 mit
1127 1692 1445 1748 Constatirung
1464 1694 1802 1737 verschiedener

99 1750 419 1807 Bedeutungen
465 1754 605 1796 dieses
652 1753 842 1796 Wortes
890 1753 1126 1808 begniigen
1160 1759 1345 1798 miissen.
1381 1753 1497 1796 ohne
1530 1753 1800 1807 anzugeben,

155 1864 182 1911 1)
211 1862 610 1905 Tambornino.
642 1876 678 1901 ο.
707 1862 729 1901 l.
760 1877 797 1911 p.
831 1864 890 1901 70.

153 1919 180 1962 2)
211 1914 508 1958 Geffckem
555 1915 632 1954 o.l.
663 1930 700 1965 p.
734 1917 808 1954 218
839 1930 895 1965 sq.
1461 1933 1464 1937 ·

150 1968 178 2017 ³)
209 1983 246 2007 v.
277 1968 461 2018 Sybel,
505 1968 565 2007 M.
586 1968 628 2007 L.
670 1969 719 2007 l.l.
752 1983 784 2008 c.
815 1970 915 2008 938:
971 1968 1075 2011 „Die
1130 1968 1371 2010 Daimonen.
1426 1975 1562 2018 inquit.
1611 1968 1800 2011 „stehen”

96 2027 135 2060 in
163 2021 233 2060 der
260 2022 422 2061 antiken
452 2021 715 2072 Vorstellung
746 2022 804 2060 als
834 2028 972 2071 eigene
1009 2021 1358 2072 Wesensgattung
1388 2028 1427 2060 in
1469 2028 1576 2061 einer
1614 2022 1799 2060 schwan-

97 2074 274 2114 -kenden
295 2075 604 2124 Mittelstellung
634 2076 834 2114 zwischen
864 2076 941 2114 den
976 2075 1150 2114 Gottern
1180 2076 1260 2114 und
1290 2076 1368 2114 den
1397 2075 1634 2114 Menschen.
1667 2075 1733 2114 Da
1762 2081 1801 2113 in

95 2127 307 2167 ahnlichen
351 2128 713 2178 Mittelstellungen
754 2129 856 2167 auch
897 2129 961 2167 die
1005 2128 1309 2167 Verstorbenen
1347 2129 1518 2177 gedacht
1548 2129 1722 2171 werden.
1753 2141 1801 2167 so

96 2181 304 2220 entstehen
318 2181 915 2220 mancherleiKombinationen
944 2182 1025 2220 und
1050 2182 1356 2220 Variationen.''
1387 2181 1423 2220 C
1439 2196 1456 2219 ι·
1473 2196 1567 2220 euz
1583 2196 1646 2223 er,
1683 2181 1800 2231 Sym-

97 2234 304 2277 -bolik‚111
326 2235 394 2285 §Z
412 2249 449 2284 p.
466 2236 516 2273 4:
548 2234 673 2277 „Wie
692 2235 816 2273 vieles
846 2243 1023 2273 wussten
1053 2235 1162 2273 nicht
1191 2235 1467 2283 Philosophen
1501 2235 1582 2273 und
1609 2234 1801 2274 Gelehrte

96 2287 192 2325 aller
221 2287 297 2326 Art
325 2288 422 2326 iiber
456 2288 585 2326 dieses
615 2287 743 2326 Wort
787 2302 836 2327 zu
867 2302 991 2338 sagen
1026 2288 1108 2326 und
1134 2293 1211 2326 wie
1238 2288 1499 2326 verschieden
1528 2301 1663 2326 waren
1692 2288 1801 2326 nicht

95 2340 179 2378 ihre
221 2339 498 2391 Erklarungen
540 2346 576 2390 je
621 2341 816 2380 nachdem
854 2347 910 2379 sie
939 2342 1011 2379 das
1040 2340 1203 2391 Dogma
1232 2355 1315 2379 von
1344 2341 1422 2379 den
1451 2340 1725 2380 Mittelwesen
1752 2354 1800 2380 so

95 2393 195 2432 oder
221 2393 365 2432 anders
396 2393 612 2432 ansahen.''
645 2394 988 2436 Neuhauser,
1019 2408 1056 2433 o.
1075 2394 1097 2432 l.
1131 2409 1169 2443 p.
1200 2395 1250 2432 6:
1285 2394 1444 2443 „Atque
1473 2394 1613 2432 eadem
1642 2399 1800 2433 incerti-

94 2447 262 2489 -tudine,
282 2460 384 2496 quae
413 2460 489 2485 nos
517 2461 638 2496 saepe
666 2453 808 2496 premit
836 2446 1084 2486 Graecorum
1113 2452 1260 2496 scripta
1289 2447 1477 2497 legentes,
1509 2446 1655 2486 Graeci
1681 2452 1797 2486 etiam

94 2504 170 2548 ipsi
212 2499 461 2542 tenebantur.
503 2505 535 2538 si
576 2501 734 2549 quidem
775 2500 849 2539 sub
890 2500 983 2539 belli
1026 2499 1361 2549 Peloponnesiaci
1403 2500 1518 2539 finem
1548 2500 1798 2543 dubitabant.

96 2552 270 2602 δαὶμσνες
299 2566 392 2591 num
420 2560 552 2591 essent
579 2559 654 2602 ipsi
682 2553 736 2591 dii
760 2568 811 2592 an
838 2559 959 2602 spurii
976 2553 1136 2602 quidam
1154 2553 1319 2592 deorum
1335 2553 1457 2596 liberi,
1474 2553 1540 2592 vel
1557 2568 1578 2592 e
1594 2553 1799 2603 Nymphis

97 2605 163 2644 vel
209 2619 259 2644 ex
302 2605 388 2644 aliis
417 2606 624 2655 quibusvis
651 2612 835 2655 suscepti.
866 2605 1005 2649 Quare
1030 2611 1168 2644 mirum
1196 2620 1279 2645 non
1308 2614 1379 2649 est,
1407 2612 1648 2645 recentiores
1681 2612 1798 2645 etiam

98 2663 332 2708 interpretes
361 2664 400 2697 in
429 2658 666 2708 explicanda
690 2659 766 2697 hac
794 2673 898 2698 voce
927 2673 1047 2708 saepe
1075 2666 1214 2698 nutare
1243 2667 1282 2698 et
1311 2660 1567 2699 distinctione
1598 2674 1680 2698 non
1703 2665 1798 2698 satis

93 2719 202 2750 certa
231 2719 313 2750 tum
341 2710 476 2754 fatum.
507 2719 589 2752 tum
618 2712 747 2754 deum,
777 2719 858 2750 tum
887 2717 1045 2762 genium
1074 2713 1358 2761 interpretari.''
1398 2713 1543 2755 Hild.
1575 2726 1612 2752 o.
1639 2713 1662 2751 1.
1693 2727 1731 2760 p.
1760 2713 1795 2751 9.

144 2765 172 2813 4)
202 2763 432 2857 Zeitschr5ift
457 2764 517 2803 fiir
530 2764 958 2815 Volkerpsychologie
973 2765 1055 2804 und
1072 2765 1506 2815 Sprachwissenschaft
1525 2765 1638 2816 [XV.
1660 2765 1793 2815 1887]‚
