2159 3288
1085 86 1169 127 232

343 216 501 258 Utrum
535 222 682 269 poeta,
717 220 789 267 qui
817 213 886 256 hic
917 213 1108 267 loquitur
1142 215 1187 268 ἐξ
1219 215 1324 257 ἰδίου
1355 218 1607 271 προσώπου,
1651 225 1698 258 ut
1730 222 1790 259 ita
1820 215 1976 264 dicam,

284 277 549 318 locutionem
582 272 830 315 adhibuerit
860 278 994 325 ipsius
1019 281 1163 314 aetate
1195 272 1427 318 valentem.
1460 289 1516 315 an
1545 273 1776 317 formulam
1810 282 1977 329 epicam

281 340 511 377 contritam
544 332 624 374 sibi
656 337 947 384 assumpserit,
982 330 1242 384 perdifficilis
1266 340 1332 374 est
1349 338 1562 385 quaestio.
1582 331 1690 375 Rem
1707 340 1750 376 in
1765 350 1978 389 suspenso

281 393 523 445 relinquere
554 397 809 433 tutissimum
843 398 921 432 est.

340 450 520 493 Etiamsi
554 454 826 502 comparatio
858 448 967 490 haec
1000 455 1233 491 recentiori
1265 456 1398 491 aetati
1430 456 1484 492 sit
1524 449 1816 493 adscribenda
1852 477 1900 488 ,-
1936 451 1979 494 id

282 510 401 564 quod
446 509 621 551 definite
655 516 846 550 statuere
879 523 970 550 non
1002 506 1101 549 licet
1128 532 1194 554 —,
1229 507 1332 551 nihil
1365 508 1557 563 impedit,
1592 516 1823 563 quominus
1868 517 1979 553 anti-

280 575 547 622 -quissimam
581 573 833 620 opinionem
865 572 908 608 in
941 566 1163 609 locutione
1196 582 1279 620 q.e.
1313 571 1524 625 στυγερὸς
1549 570 1595 612 δέ
1612 571 1799 626 οἱὲχραε
1818 572 1977 626 δαίμων

282 634 487 670 revixisse
520 641 750 668 sumamus.
774 624 802 678 1)

335 754 399 796 Ut
432 756 592 809 δαίμων
628 773 646 797 ε
681 754 766 796 396
798 763 841 795 et
872 769 961 795 vox
994 769 1078 807 q.e.
1111 757 1446 810 >47⁵29‚sententia
1459 761 1605 798 activa
1621 765 1843 810 usurpata,
1867 762 1981 799 inter

279 830 323 856 se
356 820 588 856 concinere
621 812 837 859 videntur,
871 819 931 855 sic
963 828 1052 855 uno
1084 812 1184 856 loco
1219 816 1378 869 δαίμων
1415 812 1472 867 [Θ
1513 813 1610 868 166]
1633 839 1683 851 -
1703 815 1777 858 ubi
1794 824 1980 858 mortem

279 872 493 927 significat
529 897 593 918 -ι,
626 872 738 914 idem
771 871 889 914 valet
921 887 972 915 ac
1008 875 1088 929 κήρ
1123 879 1340 915 sententia
1373 879 1549 927 passiva
1582 883 1792 928 usurpata
1812 873 1864 927 [Γ
1879 875 1978 916 454.

278 935 316 974 Ω
350 931 437 985 82].

340 990 512 1033 Hector
547 989 603 1032 ad
639 989 902 1032 Diomedem
938 989 995 1043 [Θ
1036 989 1162 1044 166]:

906 1052 1040 1105 πάρος
1075 1068 1143 1093 τοι
1174 1052 1353 1108 δαίμονα
1385 1053 1532 1100 δώσω,
1567 1057 1719 1105 inquit.
1738 1050 1767 1104 2)
1914 1091 1920 1095 .

336 1107 508 1151 Contra
541 1107 585 1150 H
605 1123 690 1151 om
710 1114 799 1150 eri
832 1123 955 1150 usum
989 1108 1152 1151 dictum
1186 1124 1281 1152 esse
1314 1125 1466 1152 verum
1499 1116 1565 1156 sit,
1583 1109 1611 1163 3)
1630 1126 1719 1153 non
1737 1119 1802 1153 est
1820 1120 1979 1156 tamen,

278 1183 352 1210 cur
400 1167 600 1210 codicum
645 1167 875 1210 lectionem
921 1174 1162 1214 reiciamus‚
1197 1184 1341 1221 neque
1386 1168 1555 1215 dubito,
1598 1175 1702 1222 quin
1743 1169 1824 1212 hac
1857 1175 1900 1212 in
1934 1185 1980 1212 re

277 1226 515 1270 verborum
548 1242 660 1269 sono
694 1226 873 1268 multum
906 1233 960 1269 sit
993 1226 1326 1280 tribuendumfl)

337 1285 434 1328 Iure
469 1285 780 1340 Bequius
813 1285 901 1332 [o.l.
935 1302 978 1339 p,
1013 1287 1091 1328 861
1131 1285 1240 1340 sq.]:
1279 1286 1369 1333 „als
1403 1285 1635 1328 Kriterium
1669 1286 1736 1329 fiir
1753 1286 1823 1330 die
1838 1283 1981 1330 ssxcht-

278 1344 431 1391 -heit'',
458 1351 610 1399 inquit,
640 1344 775 1391 „oder
789 1344 1063 1387 Unachtheit
1081 1345 1300 1388 einzelner
1317 1344 1581 1388 Abschnitte
1599 1345 1740 1389 dieser
1758 1345 1980 1390 Gedichte

277 1404 372 1447 sind
404 1403 704 1459 unqewohnte
737 1402 998 1446 Ausdrijcke
1030 1419 1110 1446 nur
1127 1410 1203 1446 mit
1220 1420 1396 1458 grosser
1421 1403 1635 1447 Vorsicht
1649 1421 1700 1448 zu
1719 1405 1980 1449 benutzen.''

338 1533 561 1588 Penelope
597 1533 637 1587 [υ
671 1533 773 1588 87];

452 1596 586 1649 αὐτάρ
620 1595 725 1649 ἐμοὶ,
761 1599 913 1647 inquit,
948 1595 1020 1637 καὶ
1053 1591 1232 1650 ὀνείρατ’
1267 1595 1496 1638 ἐπέσσευεν
1532 1597 1653 1638 κακὰ
1686 1596 1861 1648 δαίμων.

338 1651 407 1695 De
434 1653 521 1695 hoc
552 1668 728 1707 quoque
762 1653 862 1695 loco
894 1668 1036 1707 pauca
1068 1652 1281 1696 dicantur,

336 1710 471 1765 Apud
519 1711 562 1753 H
582 1728 610 1754 o
629 1728 844 1754 merum
890 1712 999 1754 deos
1030 1725 1125 1754 esse
1157 1718 1427 1755 somniorum
1458 1722 1663 1756 auctores
1695 1728 1829 1767 supra
1861 1728 1980 1756 com—

278 1778 636 1814 -memoravimus
667 1772 726 1825 [p.
767 1769 923 1825 141].⁵)
958 1770 1182 1826 Penelope
1207 1778 1376 1814 somnia
1397 1787 1504 1814 vera
1520 1771 1726 1815 discernit
1742 1787 1793 1815 ac
1810 1771 1981 1815 fallacia

332 1959 359 2006 1)
389 1958 436 1996 Μ
455 1958 545 1996 iild
564 1972 585 1997 e
602 1973 629 2001 r,
675 1958 740 1997 o.l.
772 1972 809 2008 p.
840 1959 940 1997 328:
972 1972 1039 2001 „es
1067 1958 1152 2008 qibt
1183 1958 1278 1997 aber
1306 1958 1408 1997 auch
1438 1957 1779 2008 Erscheinunqen,
1803 1958 1868 1997 die
1888 1973 1979 1997 man

278 2012 385 2049 nicht
426 2011 536 2050 wohl
580 2012 723 2050 anders
765 2011 944 2050 erkl‘aren
989 2012 1097 2050 kann
1134 2011 1193 2050 als
1224 2025 1296 2050 aus
1325 2017 1452 2051 einem
1481 2011 1651 2050 Streben
1679 2013 1750 2050 des
1779 2011 1978 2055 Dichters.

278 2064 383 2103 alten
422 2064 726 2104 Redeschmuck
764 2070 804 2103 in
832 2079 955 2103 neuer
983 2065 1164 2115 Fassunq
1192 2079 1241 2104 zu
1270 2070 1553 2115 prasentieren.
1584 2065 1684 2104 Hier
1711 2070 1760 2104 ist
1788 2065 1981 2104 zunachst

277 2131 360 2156 von
388 2118 465 2156 den
497 2117 777 2157 Gleichnissen
804 2132 853 2157 zu
882 2118 1097 2157 handeln.''
1127 2117 1183 2157 Cf
1222 2118 1296 2157 Ca
1314 2133 1339 2157 u
1357 2133 1423 2161 er,
1466 2118 1553 2157 0.l.2
1581 2133 1618 2168 p.
1650 2119 1739 2157 318.

333 2173 361 2220 2)
392 2171 554 2210 Dictum
584 2179 643 2210 est
672 2177 838 2210 omnino
867 2172 917 2210 de
946 2172 1021 2210 hac
1049 2186 1091 2211 re
1127 2171 1209 2210 alio
1237 2171 1332 2211 loco
1361 2171 1610 2222 diligentius:
1644 2172 1737 2210 vide
1764 2186 1884 2221 supra
1911 2186 1977 2222 pp.

283 2225 510 2266 111—114;
545 2226 617 2263 199
646 2239 702 2274 sq.
734 2225 798 2264 De
828 2230 943 2264 vocis
973 2239 1046 2274 q.e.
1074 2228 1218 2276 δαὶμων
1247 2231 1287 2263 vi
1316 2231 1479 2275 passiva
1507 2240 1544 2275 p.
1576 2226 1599 2264 8
1633 2239 1689 2274 sq.

332 2277 359 2323 3)
390 2276 452 2315 Cf.
484 2277 742 2328 Ebelinq.
773 2278 838 2317 o.l.
871 2284 936 2317 i.v.

333 2330 361 2379 4)
391 2330 486 2369 Vid.
518 2345 637 2380 supra
665 2346 703 2381 p.
733 2332 820 2370 200.

332 2383 360 2432 5)
389 2383 423 2420 R
442 2384 593 2427 obde,
636 2384 700 2423 0.l.
744 2384 787 2427 14,
832 2399 869 2434 p.
907 2386 958 2423 7:
990 2399 1101 2427 „was
1126 2384 1205 2428 er,''
1236 2390 1374 2435 inquit,
1404 2390 1479 2429 „im
1509 2384 1683 2423 Traume
1715 2384 1977 2428 wahtnimmt,

277 2435 365 2474 sind
407 2437 609 2476 wirkliche
651 2437 874 2481 Gestalten,
916 2438 986 2477 der
1026 2437 1173 2477 Gotter
1215 2438 1339 2477 selbst
1379 2438 1478 2477 oder
1506 2443 1614 2477 eines
1643 2438 1977 2480 Traumdamons.

277 2489 355 2527 den
384 2494 440 2527 sie
468 2490 683 2533 absenden,
713 2492 811 2530 odet
840 2497 949 2530 eines
978 2491 1193 2542 fliichtiqen
1224 2491 1472 2534 „Abbildes”
1504 2491 1724 2541 (Eidolon),
1754 2491 1826 2530 das
1847 2494 1904 2530 sie
1919 2490 1980 2530 fiir

277 2542 355 2580 den
383 2542 637 2592 Augenblick
665 2545 873 2583 entstehen
902 2544 1071 2584 lassen.''
1702 2554 1705 2557 ’

333 2594 361 2634 S
378 2609 400 2634 c
417 2595 442 2634 h
459 2609 485 2634 0
503 2610 524 2634 e
541 2611 576 2634 m
592 2611 615 2635 a
631 2611 656 2635 n
672 2612 696 2635 n
714 2621 730 2628 -
750 2598 780 2636 L
795 2604 805 2635 i
820 2612 846 2647 p
862 2603 945 2636 siu
959 2612 988 2641 s,
1029 2598 1094 2637 0.l.
1125 2598 1186 2641 114,
1217 2613 1255 2648 p.
1282 2599 1385 2638 306:
1418 2597 1562 2642 „Auch
1591 2598 1662 2636 der
1695 2596 1979 2647 Volksqlaube

276 2649 408 2687 macht
425 2654 541 2687 einen
571 2650 838 2689 Unterschied
853 2652 1053 2690 zwischen
1078 2652 1281 2701 nichtigen
1296 2652 1378 2691 und
1393 2651 1666 2690 tauschenden
1680 2651 1762 2690 und
1777 2651 1979 2690 zwischen

276 2702 587 2751 prophetischen
616 2703 985 2754 Traumqesichten,
1016 2705 1098 2743 und
1127 2705 1255 2744 schon
1284 2705 1347 2744 bei
1378 2705 1532 2744 Homer
1560 2705 1687 2744 horen
1715 2709 1798 2747 wir,
1821 2718 1863 2743 es
1877 2704 1978 2754 qebe

278 2761 379 2794 zwei
405 2754 608 2798 Pf0tten'',
640 2770 711 2805 sqq
717 2788 860 2796 ......

334 2808 416 2851 „Es
448 2809 547 2847 wird
578 2810 747 2848 namlich
776 2816 862 2849 eine
892 2816 1031 2860 eiqene
1060 2810 1242 2861 Gattunq
1270 2811 1549 2850 damonischer
1571 2810 1731 2850 Wesen
1758 2823 1978 2860 anqenom-
