<?xml version="1.0" encoding="UTF-8"?>
<!DOCTYPE html PUBLIC "-//W3C//DTD XHTML 1.0 Transitional//EN"
    "http://www.w3.org/TR/xhtml1/DTD/xhtml1-transitional.dtd">
<html xmlns="http://www.w3.org/1999/xhtml" xml:lang="en" lang="en">
 <head>
  <title>
</title>
<meta http-equiv="Content-Type" content="text/html;charset=utf-8" />
  <meta name='ocr-system' content='tesseract 3.04.00' />
  <meta name='ocr-capabilities' content='ocr_page ocr_carea ocr_par ocr_line ocrx_word'/>
</head>
<body>
  <div class='ocr_page' id='page_1' title='image "./devocisquaeestda00tromuoft_0172.png"; bbox 0 0 2159 3288; ppageno 0'>
   <div class='ocr_carea' id='block_1_1' title="bbox 1135 82 1216 141">
    <p class='ocr_par' dir='ltr' id='par_1_1' title="bbox 1135 82 1216 141">
     <span class='ocr_line' id='line_1_1' title="bbox 1135 82 1216 141; baseline 0.012 -19"><span class='ocrx_word' id='word_1_1' title='bbox 1135 82 1216 141; x_wconf 80' lang='lat'>160</span> 
     </span>
    </p>
   </div>
   <div class='ocr_carea' id='block_1_2' title="bbox 314 209 2022 1504">
    <p class='ocr_par' dir='ltr' id='par_1_2' title="bbox 320 209 2020 322">
     <span class='ocr_line' id='line_1_2' title="bbox 320 209 2020 265; baseline 0.002 -14"><span class='ocrx_word' id='word_1_2' title='bbox 320 210 507 263; x_wconf 90' lang='lat' dir='ltr'>denique</span> <span class='ocrx_word' id='word_1_3' title='bbox 556 209 983 263; x_wconf 77' lang='lat' dir='ltr'>tantopere&#39;valere</span> <span class='ocrx_word' id='word_1_4' title='bbox 1030 219 1189 262; x_wconf 84' lang='lat' dir='ltr'>potest,</span> <span class='ocrx_word' id='word_1_5' title='bbox 1237 220 1283 252; x_wconf 92' lang='lat' dir='ltr'>ut</span> <span class='ocrx_word' id='word_1_6' title='bbox 1331 217 1513 253; x_wconf 90' lang='lat' dir='ltr'>omnino</span> <span class='ocrx_word' id='word_1_7' title='bbox 1561 217 1700 265; x_wconf 90' lang='lat' dir='ltr'>prima</span> <span class='ocrx_word' id='word_1_8' title='bbox 1744 212 2020 255; x_wconf 80' lang='lat' dir='ltr'>oblitteretur</span> 
     </span>
     <span class='ocr_line' id='line_1_3' title="bbox 321 268 644 322; baseline -0.003 -12"><span class='ocrx_word' id='word_1_9' title='bbox 321 268 593 322; x_wconf 69' lang='lat' dir='ltr'>significatio.</span> <span class='ocrx_word' id='word_1_10' title='bbox 616 268 644 321; x_wconf 91' lang='grc'>1)</span> 
     </span>
    </p>

    <p class='ocr_par' dir='ltr' id='par_1_3' title="bbox 319 326 2021 440">
     <span class='ocr_line' id='line_1_4' title="bbox 379 326 2019 384; baseline 0.002 -15"><span class='ocrx_word' id='word_1_11' title='bbox 379 328 422 369; x_wconf 86' lang='lat' dir='ltr'>Si</span> <span class='ocrx_word' id='word_1_12' title='bbox 470 344 555 380; x_wconf 89' lang='lat' dir='ltr'>qua</span> <span class='ocrx_word' id='word_1_13' title='bbox 599 343 687 369; x_wconf 85' lang='lat' dir='ltr'>vox</span> <span class='ocrx_word' id='word_1_14' title='bbox 719 333 924 379; x_wconf 67' lang='lat' dir='ltr'>coniungi</span> <span class='ocrx_word' id='word_1_15' title='bbox 957 326 1098 368; x_wconf 78' lang='lat' dir='ltr'>soleat</span> <span class='ocrx_word' id='word_1_16' title='bbox 1129 342 1225 368; x_wconf 87' lang='lat' dir='ltr'>cum</span> <span class='ocrx_word' id='word_1_17' title='bbox 1258 327 1405 370; x_wconf 85' lang='lat' dir='ltr'>verbis</span> <span class='ocrx_word' id='word_1_18' title='bbox 1438 329 1626 370; x_wconf 90' lang='lat' dir='ltr'>nocendi</span> <span class='ocrx_word' id='word_1_19' title='bbox 1655 339 1729 371; x_wconf 91' lang='lat' dir='ltr'>aut</span> <span class='ocrx_word' id='word_1_20' title='bbox 1761 330 2019 384; x_wconf 90' lang='lat' dir='ltr'>decipiendi,</span> 
     </span>
     <span class='ocr_line' id='line_1_5' title="bbox 319 385 2021 440; baseline 0.001 -12"><span class='ocrx_word' id='word_1_21' title='bbox 319 387 432 428; x_wconf 87' lang='lat' dir='ltr'>hanc</span> <span class='ocrx_word' id='word_1_22' title='bbox 449 402 604 428; x_wconf 88' lang='lat' dir='ltr'>vocem</span> <span class='ocrx_word' id='word_1_23' title='bbox 623 391 759 438; x_wconf 68' lang='lat' dir='ltr'>magis</span> <span class='ocrx_word' id='word_1_24' title='bbox 777 392 1001 438; x_wconf 68' lang='lat' dir='ltr'>magisque</span> <span class='ocrx_word' id='word_1_25' title='bbox 1019 392 1061 426; x_wconf 87' lang='lat' dir='ltr'>in</span> <span class='ocrx_word' id='word_1_26' title='bbox 1080 385 1236 427; x_wconf 89' lang='lat' dir='ltr'>malam</span> <span class='ocrx_word' id='word_1_27' title='bbox 1261 393 1397 440; x_wconf 89' lang='lat' dir='ltr'>accipi</span> <span class='ocrx_word' id='word_1_28' title='bbox 1416 396 1598 440; x_wconf 80' lang='lat' dir='ltr'>partem,</span> <span class='ocrx_word' id='word_1_29' title='bbox 1635 403 1724 430; x_wconf 93' lang='lat' dir='ltr'>non</span> <span class='ocrx_word' id='word_1_30' title='bbox 1756 395 1908 431; x_wconf 89' lang='lat' dir='ltr'>mirum</span> <span class='ocrx_word' id='word_1_31' title='bbox 1942 399 2021 432; x_wconf 87' lang='lat' dir='ltr'>est.</span> 
     </span>
    </p>

    <p class='ocr_par' dir='ltr' id='par_1_4' title="bbox 317 443 2022 912">
     <span class='ocr_line' id='line_1_6' title="bbox 380 443 2022 499; baseline 0.002 -13"><span class='ocrx_word' id='word_1_32' title='bbox 380 445 635 489; x_wconf 75' lang='lat' dir='ltr'>Videamus,</span> <span class='ocrx_word' id='word_1_33' title='bbox 673 459 761 497; x_wconf 90' lang='lat' dir='ltr'>quo</span> <span class='ocrx_word' id='word_1_34' title='bbox 796 443 931 486; x_wconf 87' lang='lat' dir='ltr'>modo</span> <span class='ocrx_word' id='word_1_35' title='bbox 965 446 1126 499; x_wconf 74' lang='grc' dir='ltr'>δαίμων</span> <span class='ocrx_word' id='word_1_36' title='bbox 1154 444 1235 487; x_wconf 88' lang='lat' dir='ltr'>hac</span> <span class='ocrx_word' id='word_1_37' title='bbox 1253 460 1301 487; x_wconf 86' lang='lat' dir='ltr'>ex</span> <span class='ocrx_word' id='word_1_38' title='bbox 1320 455 1445 498; x_wconf 88' lang='lat' dir='ltr'>parte</span> <span class='ocrx_word' id='word_1_39' title='bbox 1462 445 1580 499; x_wconf 90' lang='lat' dir='ltr'>apud</span> <span class='ocrx_word' id='word_1_40' title='bbox 1612 445 1655 487; x_wconf 89' lang='lat' dir='ltr'>H</span> <span class='ocrx_word' id='word_1_41' title='bbox 1675 462 1761 488; x_wconf 90' lang='lat' dir='ltr'>om</span> <span class='ocrx_word' id='word_1_42' title='bbox 1781 463 1942 489; x_wconf 87' lang='lat' dir='ltr'>erum</span> <span class='ocrx_word' id='word_1_43' title='bbox 1975 464 2022 490; x_wconf 91' lang='lat' dir='ltr'>se</span> 
     </span>
     <span class='ocr_line' id='line_1_7' title="bbox 319 502 2022 559; baseline 0.002 -14"><span class='ocrx_word' id='word_1_44' title='bbox 319 504 492 546; x_wconf 86' lang='lat' dir='ltr'>habeat.</span> <span class='ocrx_word' id='word_1_45' title='bbox 510 502 575 545; x_wconf 83' lang='lat' dir='ltr'>Eo</span> <span class='ocrx_word' id='word_1_46' title='bbox 595 502 715 555; x_wconf 91' lang='lat' dir='ltr'>quod</span> <span class='ocrx_word' id='word_1_47' title='bbox 731 502 829 544; x_wconf 83' lang='lat' dir='ltr'>huic</span> <span class='ocrx_word' id='word_1_48' title='bbox 846 509 946 544; x_wconf 87' lang='lat' dir='ltr'>voci</span> <span class='ocrx_word' id='word_1_49' title='bbox 963 503 1261 557; x_wconf 71' lang='lat' dir='ltr'>adiunguntur</span> <span class='ocrx_word' id='word_1_50' title='bbox 1278 504 1497 546; x_wconf 87' lang='lat' dir='ltr'>nonnullis</span> <span class='ocrx_word' id='word_1_51' title='bbox 1516 504 1621 546; x_wconf 90' lang='lat' dir='ltr'>locis</span> <span class='ocrx_word' id='word_1_52' title='bbox 1638 505 1778 548; x_wconf 89' lang='lat' dir='ltr'>verba</span> <span class='ocrx_word' id='word_1_53' title='bbox 1791 522 1903 559; x_wconf 88' lang='lat' dir='ltr'>quae</span> <span class='ocrx_word' id='word_1_54' title='bbox 1922 517 2022 548; x_wconf 90' lang='lat' dir='ltr'>sunt</span> 
     </span>
     <span class='ocr_line' id='line_1_8' title="bbox 319 564 2022 618; baseline 0.001 -13"><span class='ocrx_word' id='word_1_55' title='bbox 319 566 465 613; x_wconf 60' lang='grc' dir='ltr'><strong>κακός.</strong></span> <span class='ocrx_word' id='word_1_56' title='bbox 487 564 702 617; x_wconf 66' lang='grc' dir='ltr'>στυγερὸς,</span> <span class='ocrx_word' id='word_1_57' title='bbox 724 564 926 616; x_wconf 64' lang='grc' dir='ltr'>χαλεπός,</span> <span class='ocrx_word' id='word_1_58' title='bbox 948 569 1170 616; x_wconf 78' lang='lat' dir='ltr'>propriam</span> <span class='ocrx_word' id='word_1_59' title='bbox 1189 565 1383 618; x_wconf 64' lang='grc' dir='ltr'>δκίμονος</span> <span class='ocrx_word' id='word_1_60' title='bbox 1402 573 1601 605; x_wconf 88' lang='lat' dir='ltr'>naturam</span> <span class='ocrx_word' id='word_1_61' title='bbox 1620 580 1710 606; x_wconf 88' lang='lat' dir='ltr'>non</span> <span class='ocrx_word' id='word_1_62' title='bbox 1740 579 1833 606; x_wconf 90' lang='lat' dir='ltr'>esse</span> <span class='ocrx_word' id='word_1_63' title='bbox 1865 566 2022 607; x_wconf 89' lang='lat' dir='ltr'>malam</span> 
     </span>
     <span class='ocr_line' id='line_1_9' title="bbox 319 619 2022 674; baseline 0.002 -12"><span class='ocrx_word' id='word_1_64' title='bbox 319 622 388 663; x_wconf 85' lang='lat' dir='ltr'>vel</span> <span class='ocrx_word' id='word_1_65' title='bbox 421 628 648 665; x_wconf 85' lang='lat' dir='ltr'>inimicam,</span> <span class='ocrx_word' id='word_1_66' title='bbox 683 620 808 662; x_wconf 78' lang='lat' dir='ltr'>facile</span> <span class='ocrx_word' id='word_1_67' title='bbox 842 621 1118 674; x_wconf 67' lang='lat' dir='ltr'>intellegitur.</span> <span class='ocrx_word' id='word_1_68' title='bbox 1137 621 1165 673; x_wconf 75' lang='lat'>2)</span> <span class='ocrx_word' id='word_1_69' title='bbox 1193 619 1257 662; x_wconf 84' lang='lat' dir='ltr'>Ex</span> <span class='ocrx_word' id='word_1_70' title='bbox 1284 620 1416 663; x_wconf 79' lang='lat' dir='ltr'>Iliade</span> <span class='ocrx_word' id='word_1_71' title='bbox 1434 622 1523 664; x_wconf 90' lang='lat' dir='ltr'>duo</span> <span class='ocrx_word' id='word_1_72' title='bbox 1542 631 1708 665; x_wconf 90' lang='lat' dir='ltr'>tantum</span> <span class='ocrx_word' id='word_1_73' title='bbox 1728 623 1813 665; x_wconf 88' lang='lat' dir='ltr'>loci</span> <span class='ocrx_word' id='word_1_74' title='bbox 1830 639 2022 666; x_wconf 85' lang='lat' dir='ltr'>comme-</span> 
     </span>
     <span class='ocr_line' id='line_1_10' title="bbox 317 679 2021 735; baseline 0.002 -14"><span class='ocrx_word' id='word_1_75' title='bbox 317 680 537 721; x_wconf 79' lang='lat' dir='ltr'>-morandi</span> <span class='ocrx_word' id='word_1_76' title='bbox 570 688 680 724; x_wconf 87' lang='lat' dir='ltr'>sunt,</span> <span class='ocrx_word' id='word_1_77' title='bbox 715 679 871 732; x_wconf 88' lang='lat' dir='ltr'>quibus</span> <span class='ocrx_word' id='word_1_78' title='bbox 905 683 1064 735; x_wconf 64' lang='grc' dir='ltr'>δκίμων</span> <span class='ocrx_word' id='word_1_79' title='bbox 1099 680 1198 721; x_wconf 86' lang='lat' dir='ltr'>mali</span> <span class='ocrx_word' id='word_1_80' title='bbox 1231 690 1384 722; x_wconf 81' lang='lat' dir='ltr'>auctor</span> <span class='ocrx_word' id='word_1_81' title='bbox 1416 680 1633 723; x_wconf 80' lang='lat' dir='ltr'>inducitur</span> <span class='ocrx_word' id='word_1_82' title='bbox 1665 682 1700 728; x_wconf 75' lang='grc' dir='ltr'>[ἶ</span> <span class='ocrx_word' id='word_1_83' title='bbox 1734 683 1834 728; x_wconf 85' lang='lat'>600,</span> <span class='ocrx_word' id='word_1_84' title='bbox 1866 684 1901 725; x_wconf 88' lang='lat' dir='ltr'>O</span> <span class='ocrx_word' id='word_1_85' title='bbox 1934 683 2021 724; x_wconf 88' lang='lat'>467</span> 
     </span>
     <span class='ocr_line' id='line_1_11' title="bbox 318 738 2020 795; baseline 0.002 -15"><span class='ocrx_word' id='word_1_86' title='bbox 318 745 411 792; x_wconf 84' lang='lat' dir='ltr'>sq.],</span> <span class='ocrx_word' id='word_1_87' title='bbox 447 738 599 792; x_wconf 85' lang='lat' dir='ltr'>reliqui</span> <span class='ocrx_word' id='word_1_88' title='bbox 632 739 715 780; x_wconf 88' lang='lat' dir='ltr'>loci</span> <span class='ocrx_word' id='word_1_89' title='bbox 749 738 865 780; x_wconf 81' lang='lat' dir='ltr'>nulla</span> <span class='ocrx_word' id='word_1_90' title='bbox 906 748 1026 780; x_wconf 86' lang='lat' dir='ltr'>certa</span> <span class='ocrx_word' id='word_1_91' title='bbox 1070 738 1272 781; x_wconf 88' lang='lat' dir='ltr'>efficiunt.</span> <span class='ocrx_word' id='word_1_92' title='bbox 1291 738 1319 791; x_wconf 81' lang='lat'>3)</span> <span class='ocrx_word' id='word_1_93' title='bbox 1370 738 1418 781; x_wconf 92' lang='lat' dir='ltr'>In</span> <span class='ocrx_word' id='word_1_94' title='bbox 1466 738 1675 792; x_wconf 80' lang='lat' dir='ltr'>Odyssea</span> <span class='ocrx_word' id='word_1_95' title='bbox 1724 741 2020 795; x_wconf 86' lang='lat' dir='ltr'>septendecim</span> 
     </span>
     <span class='ocr_line' id='line_1_12' title="bbox 318 796 2021 854; baseline 0.002 -15"><span class='ocrx_word' id='word_1_96' title='bbox 318 798 422 840; x_wconf 90' lang='lat' dir='ltr'>locis</span> <span class='ocrx_word' id='word_1_97' title='bbox 443 798 471 850; x_wconf 59' lang='grc'>4)</span> <span class='ocrx_word' id='word_1_98' title='bbox 505 799 618 840; x_wconf 87' lang='lat' dir='ltr'>mala</span> <span class='ocrx_word' id='word_1_99' title='bbox 651 796 780 839; x_wconf 86' lang='lat' dir='ltr'>efficit</span> <span class='ocrx_word' id='word_1_100' title='bbox 812 800 987 854; x_wconf 62' lang='grc' dir='ltr'>δαίμων,</span> <span class='ocrx_word' id='word_1_101' title='bbox 1023 814 1112 840; x_wconf 91' lang='lat' dir='ltr'>uno</span> <span class='ocrx_word' id='word_1_102' title='bbox 1145 798 1246 840; x_wconf 89' lang='lat' dir='ltr'>loco</span> <span class='ocrx_word' id='word_1_103' title='bbox 1273 798 1393 840; x_wconf 89' lang='lat' dir='ltr'>bona</span> <span class='ocrx_word' id='word_1_104' title='bbox 1412 799 1593 841; x_wconf 85' lang='lat' dir='ltr'>consilia</span> <span class='ocrx_word' id='word_1_105' title='bbox 1611 815 1847 853; x_wconf 65' lang='lat' dir='ltr'>suggerere</span> <span class='ocrx_word' id='word_1_106' title='bbox 1864 800 2021 843; x_wconf 89' lang='lat' dir='ltr'>dicitur</span> 
     </span>
     <span class='ocr_line' id='line_1_13' title="bbox 317 856 1551 912; baseline 0.001 -14"><span class='ocrx_word' id='word_1_107' title='bbox 317 858 360 912; x_wconf 65' lang='grc' dir='ltr'>[γ</span> <span class='ocrx_word' id='word_1_108' title='bbox 393 858 477 909; x_wconf 81' lang='grc'><strong>27],</strong></span> <span class='ocrx_word' id='word_1_109' title='bbox 512 857 686 910; x_wconf 89' lang='lat' dir='ltr'>reliquis</span> <span class='ocrx_word' id='word_1_110' title='bbox 718 856 825 898; x_wconf 83' lang='lat' dir='ltr'>locis</span> <span class='ocrx_word' id='word_1_111' title='bbox 857 858 1051 912; x_wconf 63' lang='grc' dir='ltr'>δειίμονος</span> <span class='ocrx_word' id='word_1_112' title='bbox 1087 866 1243 899; x_wconf 87' lang='lat' dir='ltr'>natura</span> <span class='ocrx_word' id='word_1_113' title='bbox 1276 866 1341 899; x_wconf 89' lang='lat' dir='ltr'>est</span> <span class='ocrx_word' id='word_1_114' title='bbox 1372 863 1551 899; x_wconf 84' lang='lat' dir='ltr'>incerta.</span> 
     </span>
    </p>

    <p class='ocr_par' dir='ltr' id='par_1_5' title="bbox 377 915 2022 971">
     <span class='ocr_line' id='line_1_14' title="bbox 377 915 2022 971; baseline 0.001 -14"><span class='ocrx_word' id='word_1_115' title='bbox 377 915 475 958; x_wconf 81' lang='lat' dir='ltr'>Hac</span> <span class='ocrx_word' id='word_1_116' title='bbox 506 922 548 958; x_wconf 91' lang='lat' dir='ltr'>in</span> <span class='ocrx_word' id='word_1_117' title='bbox 579 932 625 958; x_wconf 92' lang='lat' dir='ltr'>re</span> <span class='ocrx_word' id='word_1_118' title='bbox 645 922 774 969; x_wconf 68' lang='lat' dir='ltr'>igitur</span> <span class='ocrx_word' id='word_1_119' title='bbox 794 915 891 958; x_wconf 91' lang='lat' dir='ltr'>Ilias</span> <span class='ocrx_word' id='word_1_120' title='bbox 909 926 952 959; x_wconf 91' lang='lat' dir='ltr'>et</span> <span class='ocrx_word' id='word_1_121' title='bbox 970 915 1178 970; x_wconf 88' lang='lat' dir='ltr'>Odyssea</span> <span class='ocrx_word' id='word_1_122' title='bbox 1196 916 1407 969; x_wconf 90' lang='lat' dir='ltr'>quasdam</span> <span class='ocrx_word' id='word_1_123' title='bbox 1427 916 1632 958; x_wconf 84' lang='lat' dir='ltr'>exhibent</span> <span class='ocrx_word' id='word_1_124' title='bbox 1648 917 1975 971; x_wconf 87' lang='lat' dir='ltr'>discrepantias.</span> <span class='ocrx_word' id='word_1_125' title='bbox 1991 917 2022 971; x_wconf 80' lang='grc'>5)</span> 
     </span>
    </p>

    <p class='ocr_par' dir='ltr' id='par_1_6' title="bbox 314 973 2020 1441">
     <span class='ocr_line' id='line_1_15' title="bbox 377 973 2019 1031; baseline 0.001 -15"><span class='ocrx_word' id='word_1_126' title='bbox 377 974 424 1016; x_wconf 92' lang='lat' dir='ltr'>In</span> <span class='ocrx_word' id='word_1_127' title='bbox 467 973 675 1028; x_wconf 87' lang='lat' dir='ltr'>Odyssea</span> <span class='ocrx_word' id='word_1_128' title='bbox 719 978 876 1031; x_wconf 64' lang='grc' dir='ltr'>δκίμων</span> <span class='ocrx_word' id='word_1_129' title='bbox 910 982 1083 1029; x_wconf 85' lang='lat' dir='ltr'>saepius</span> <span class='ocrx_word' id='word_1_130' title='bbox 1115 991 1245 1029; x_wconf 89' lang='lat' dir='ltr'>quam</span> <span class='ocrx_word' id='word_1_131' title='bbox 1276 982 1320 1017; x_wconf 90' lang='lat' dir='ltr'>in</span> <span class='ocrx_word' id='word_1_132' title='bbox 1355 974 1489 1018; x_wconf 88' lang='lat' dir='ltr'>Iliade</span> <span class='ocrx_word' id='word_1_133' title='bbox 1522 992 1618 1018; x_wconf 87' lang='lat' dir='ltr'>cum</span> <span class='ocrx_word' id='word_1_134' title='bbox 1651 976 1798 1019; x_wconf 89' lang='lat' dir='ltr'>verbis</span> <span class='ocrx_word' id='word_1_135' title='bbox 1831 976 2019 1019; x_wconf 90' lang='lat' dir='ltr'>nocendi</span> 
     </span>
     <span class='ocr_line' id='line_1_16' title="bbox 317 1034 2020 1088; baseline 0.002 -13"><span class='ocrx_word' id='word_1_136' title='bbox 317 1044 360 1076; x_wconf 89' lang='lat' dir='ltr'>et</span> <span class='ocrx_word' id='word_1_137' title='bbox 407 1034 654 1087; x_wconf 87' lang='lat' dir='ltr'>decipiendi</span> <span class='ocrx_word' id='word_1_138' title='bbox 692 1041 973 1088; x_wconf 71' lang='lat' dir='ltr'>coniungitur</span> <span class='ocrx_word' id='word_1_139' title='bbox 1004 1044 1138 1088; x_wconf 86' lang='lat' dir='ltr'>atque</span> <span class='ocrx_word' id='word_1_140' title='bbox 1171 1034 1484 1088; x_wconf 85' lang='lat' dir='ltr'>pedetemptim</span> <span class='ocrx_word' id='word_1_141' title='bbox 1518 1036 1814 1088; x_wconf 88' lang='lat' dir='ltr'>praevaluisse</span> <span class='ocrx_word' id='word_1_142' title='bbox 1846 1035 2020 1078; x_wconf 86' lang='lat' dir='ltr'>videtur</span> 
     </span>
     <span class='ocr_line' id='line_1_17' title="bbox 316 1094 2019 1137; baseline 0.002 -3"><span class='ocrx_word' id='word_1_143' title='bbox 316 1099 382 1134; x_wconf 88' lang='lat' dir='ltr'>vis</span> <span class='ocrx_word' id='word_1_144' title='bbox 431 1100 615 1136; x_wconf 87' lang='lat' dir='ltr'>numinis</span> <span class='ocrx_word' id='word_1_145' title='bbox 662 1100 820 1135; x_wconf 89' lang='lat' dir='ltr'>inimici</span> <span class='ocrx_word' id='word_1_146' title='bbox 866 1103 909 1135; x_wconf 93' lang='lat' dir='ltr'>et</span> <span class='ocrx_word' id='word_1_147' title='bbox 941 1094 1163 1136; x_wconf 89' lang='lat' dir='ltr'>hominum</span> <span class='ocrx_word' id='word_1_148' title='bbox 1197 1104 1239 1135; x_wconf 91' lang='lat' dir='ltr'>et</span> <span class='ocrx_word' id='word_1_149' title='bbox 1272 1109 1412 1136; x_wconf 85' lang='lat' dir='ltr'>rerum</span> <span class='ocrx_word' id='word_1_150' title='bbox 1446 1094 1748 1137; x_wconf 83' lang='lat' dir='ltr'>dominatoris.</span> <span class='ocrx_word' id='word_1_151' title='bbox 1784 1094 2019 1137; x_wconf 86' lang='lat' dir='ltr'>Praeterea</span> 
     </span>
     <span class='ocr_line' id='line_1_18' title="bbox 316 1152 2019 1208; baseline 0.001 -14"><span class='ocrx_word' id='word_1_152' title='bbox 316 1152 400 1194; x_wconf 87' lang='lat' dir='ltr'>alia</span> <span class='ocrx_word' id='word_1_153' title='bbox 447 1162 540 1194; x_wconf 90' lang='lat' dir='ltr'>erat</span> <span class='ocrx_word' id='word_1_154' title='bbox 587 1168 730 1198; x_wconf 83' lang='lat' dir='ltr'>causa,</span> <span class='ocrx_word' id='word_1_155' title='bbox 780 1169 855 1195; x_wconf 82' lang='lat' dir='ltr'>cur</span> <span class='ocrx_word' id='word_1_156' title='bbox 906 1155 1105 1208; x_wconf 62' lang='grc' dir='ltr'>δαίμονος</span> <span class='ocrx_word' id='word_1_157' title='bbox 1153 1162 1310 1195; x_wconf 85' lang='lat' dir='ltr'>natura</span> <span class='ocrx_word' id='word_1_158' title='bbox 1356 1153 1566 1196; x_wconf 74' lang='lat' dir='ltr'>infensior</span> <span class='ocrx_word' id='word_1_159' title='bbox 1614 1170 1742 1207; x_wconf 90' lang='lat' dir='ltr'>quam</span> <span class='ocrx_word' id='word_1_160' title='bbox 1802 1161 2019 1208; x_wconf 88' lang='lat' dir='ltr'>propitior</span> 
     </span>
     <span class='ocr_line' id='line_1_19' title="bbox 315 1211 2018 1271; baseline 0.001 -19"><span class='ocrx_word' id='word_1_161' title='bbox 315 1211 566 1254; x_wconf 79' lang='lat' dir='ltr'>videretur:</span> <span class='ocrx_word' id='word_1_162' title='bbox 630 1218 724 1264; x_wconf 89' lang='lat' dir='ltr'>ipsa</span> <span class='ocrx_word' id='word_1_163' title='bbox 781 1211 853 1253; x_wconf 87' lang='lat' dir='ltr'>illa</span> <span class='ocrx_word' id='word_1_164' title='bbox 900 1222 1058 1254; x_wconf 90' lang='lat' dir='ltr'>natura</span> <span class='ocrx_word' id='word_1_165' title='bbox 1117 1211 1318 1257; x_wconf 83' lang='lat' dir='ltr'>obscura,</span> <span class='ocrx_word' id='word_1_166' title='bbox 1382 1228 1495 1265; x_wconf 85' lang='lat' dir='ltr'>quae</span> <span class='ocrx_word' id='word_1_167' title='bbox 1556 1220 1791 1266; x_wconf 88' lang='lat' dir='ltr'>praecipue</span> <span class='ocrx_word' id='word_1_168' title='bbox 1850 1216 2018 1271; x_wconf 66' lang='grc' dir='ltr'>δαίμονι</span> 
     </span>
     <span class='ocr_line' id='line_1_20' title="bbox 314 1270 2015 1326; baseline 0.001 -14"><span class='ocrx_word' id='word_1_169' title='bbox 314 1270 586 1313; x_wconf 86' lang='lat' dir='ltr'>adhaerebat</span> <span class='ocrx_word' id='word_1_170' title='bbox 619 1287 686 1316; x_wconf 82' lang='lat' dir='ltr'>eo,</span> <span class='ocrx_word' id='word_1_171' title='bbox 721 1270 842 1324; x_wconf 83' lang='lat' dir='ltr'>quod</span> <span class='ocrx_word' id='word_1_172' title='bbox 874 1287 1087 1325; x_wconf 87' lang='lat' dir='ltr'>nusquam</span> <span class='ocrx_word' id='word_1_173' title='bbox 1120 1287 1146 1312; x_wconf 91' lang='lat' dir='ltr'>a</span> <span class='ocrx_word' id='word_1_174' title='bbox 1178 1278 1325 1324; x_wconf 81' lang='lat' dir='ltr'>poe’ta.</span> <span class='ocrx_word' id='word_1_175' title='bbox 1360 1281 1480 1312; x_wconf 86' lang='lat' dir='ltr'>certa</span> <span class='ocrx_word' id='word_1_176' title='bbox 1513 1271 1652 1325; x_wconf 64' lang='lat' dir='ltr'>figura</span> <span class='ocrx_word' id='word_1_177' title='bbox 1677 1279 2015 1326; x_wconf 82' lang='lat' dir='ltr'>circumscripta,</span> 
     </span>
     <span class='ocr_line' id='line_1_21' title="bbox 314 1329 2016 1385; baseline 0.001 -14"><span class='ocrx_word' id='word_1_178' title='bbox 314 1330 672 1375; x_wconf 88' lang='lat' dir='ltr'>adumbrabatur,</span> <span class='ocrx_word' id='word_1_179' title='bbox 715 1329 868 1375; x_wconf 81' lang='lat' dir='ltr'>effecit,</span> <span class='ocrx_word' id='word_1_180' title='bbox 919 1340 966 1372; x_wconf 85' lang='lat' dir='ltr'>ut</span> <span class='ocrx_word' id='word_1_181' title='bbox 1014 1337 1152 1383; x_wconf 68' lang='lat' dir='ltr'>magis</span> <span class='ocrx_word' id='word_1_182' title='bbox 1200 1336 1425 1383; x_wconf 70' lang='lat' dir='ltr'>magisque</span> <span class='ocrx_word' id='word_1_183' title='bbox 1471 1330 1543 1372; x_wconf 90' lang='lat' dir='ltr'>illa</span> <span class='ocrx_word' id='word_1_184' title='bbox 1589 1337 1656 1372; x_wconf 89' lang='lat' dir='ltr'>vis</span> <span class='ocrx_word' id='word_1_185' title='bbox 1689 1346 1850 1373; x_wconf 88' lang='lat' dir='ltr'>arcana</span> <span class='ocrx_word' id='word_1_186' title='bbox 1883 1342 2016 1385; x_wconf 90' lang='lat' dir='ltr'>atque</span> 
     </span>
     <span class='ocr_line' id='line_1_22' title="bbox 315 1384 1527 1441; baseline -0.001 -11"><span class='ocrx_word' id='word_1_187' title='bbox 315 1389 606 1431; x_wconf 83' lang='lat' dir='ltr'>inenodabilis</span> <span class='ocrx_word' id='word_1_188' title='bbox 637 1384 866 1430; x_wconf 77' lang='lat' dir='ltr'>horrorem</span> <span class='ocrx_word' id='word_1_189' title='bbox 901 1389 1120 1441; x_wconf 80' lang='lat' dir='ltr'>quendam</span> <span class='ocrx_word' id='word_1_190' title='bbox 1154 1394 1307 1430; x_wconf 88' lang='lat' dir='ltr'>animis</span> <span class='ocrx_word' id='word_1_191' title='bbox 1332 1388 1527 1431; x_wconf 83' lang='lat' dir='ltr'>inferret.</span> 
     </span>
    </p>

    <p class='ocr_par' dir='ltr' id='par_1_7' title="bbox 374 1447 2014 1504">
     <span class='ocr_line' id='line_1_23' title="bbox 374 1447 2014 1504; baseline 0.001 -15"><span class='ocrx_word' id='word_1_192' title='bbox 374 1447 438 1489; x_wconf 86' lang='lat' dir='ltr'>Ex</span> <span class='ocrx_word' id='word_1_193' title='bbox 472 1448 536 1490; x_wconf 92' lang='lat' dir='ltr'>his</span> <span class='ocrx_word' id='word_1_194' title='bbox 568 1458 712 1490; x_wconf 87' lang='lat' dir='ltr'>autem</span> <span class='ocrx_word' id='word_1_195' title='bbox 746 1464 834 1489; x_wconf 89' lang='lat' dir='ltr'>non</span> <span class='ocrx_word' id='word_1_196' title='bbox 869 1457 933 1489; x_wconf 90' lang='lat' dir='ltr'>est</span> <span class='ocrx_word' id='word_1_197' title='bbox 966 1447 1272 1502; x_wconf 70' lang='lat' dir='ltr'>colligendum,</span> <span class='ocrx_word' id='word_1_198' title='bbox 1308 1450 1490 1504; x_wconf 61' lang='grc' dir='ltr'><strong>δκίμονει.</strong></span> <span class='ocrx_word' id='word_1_199' title='bbox 1523 1447 1641 1502; x_wconf 90' lang='lat' dir='ltr'>apud</span> <span class='ocrx_word' id='word_1_200' title='bbox 1686 1447 1830 1491; x_wconf 89' lang='lat' dir='ltr'>Hom</span> <span class='ocrx_word' id='word_1_201' title='bbox 1850 1464 2014 1491; x_wconf 89' lang='lat' dir='ltr'>erum</span> 
     </span>
    </p>
   </div>
   <div class='ocr_carea' id='block_1_3' title="bbox 310 1587 2020 2435">
    <p class='ocr_par' dir='ltr' id='par_1_8' title="bbox 312 1587 2019 1902">
     <span class='ocr_line' id='line_1_24' title="bbox 370 1587 2018 1637; baseline 0.001 -11"><span class='ocrx_word' id='word_1_202' title='bbox 370 1588 399 1633; x_wconf 92' lang='grc'>1)</span> <span class='ocrx_word' id='word_1_203' title='bbox 430 1588 466 1626; x_wconf 88' lang='lat' dir='ltr'><strong>K</strong></span> <span class='ocrx_word' id='word_1_204' title='bbox 484 1603 500 1626; x_wconf 87' lang='lat' dir='ltr'>r</span> <span class='ocrx_word' id='word_1_205' title='bbox 518 1596 606 1626; x_wconf 89' lang='lat' dir='ltr'>ets</span> <span class='ocrx_word' id='word_1_206' title='bbox 624 1588 736 1626; x_wconf 88' lang='lat' dir='ltr'>chm</span> <span class='ocrx_word' id='word_1_207' title='bbox 754 1602 817 1629; x_wconf 81' lang='lat' dir='ltr'>er,</span> <span class='ocrx_word' id='word_1_208' title='bbox 862 1601 899 1626; x_wconf 94' lang='lat' dir='ltr'>o.</span> <span class='ocrx_word' id='word_1_209' title='bbox 937 1587 959 1626; x_wconf 94' lang='lat' dir='ltr'>l.</span> <span class='ocrx_word' id='word_1_210' title='bbox 994 1602 1032 1637; x_wconf 88' lang='lat' dir='ltr'>p.</span> <span class='ocrx_word' id='word_1_211' title='bbox 1064 1588 1164 1626; x_wconf 85' lang='lat'>504:</span> <span class='ocrx_word' id='word_1_212' title='bbox 1213 1587 1340 1631; x_wconf 77' lang='lat' dir='ltr'>„Eine</span> <span class='ocrx_word' id='word_1_213' title='bbox 1369 1588 1555 1637; x_wconf 73' lang='lat' dir='ltr'>wichtiqe</span> <span class='ocrx_word' id='word_1_214' title='bbox 1583 1588 1701 1626; x_wconf 87' lang='lat' dir='ltr'>Rolle</span> <span class='ocrx_word' id='word_1_215' title='bbox 1730 1588 1833 1626; x_wconf 83' lang='lat' dir='ltr'>beim</span> <span class='ocrx_word' id='word_1_216' title='bbox 1860 1588 2018 1627; x_wconf 89' lang='lat' dir='ltr'>Bedeu-</span> 
     </span>
     <span class='ocr_line' id='line_1_25' title="bbox 314 1640 2018 1691; baseline 0.001 -12"><span class='ocrx_word' id='word_1_217' title='bbox 314 1641 613 1690; x_wconf 72' lang='lat' dir='ltr'>-tunqswandel</span> <span class='ocrx_word' id='word_1_218' title='bbox 642 1641 758 1690; x_wconf 84' lang='lat' dir='ltr'>spielt</span> <span class='ocrx_word' id='word_1_219' title='bbox 787 1642 856 1679; x_wconf 87' lang='lat' dir='ltr'>der</span> <span class='ocrx_word' id='word_1_220' title='bbox 885 1641 1009 1679; x_wconf 84' lang='lat' dir='ltr'>durch</span> <span class='ocrx_word' id='word_1_221' title='bbox 1037 1640 1470 1690; x_wconf 74' lang='lat' dir='ltr'>Satzzusammenhanq</span> <span class='ocrx_word' id='word_1_222' title='bbox 1502 1642 1584 1679; x_wconf 83' lang='lat' dir='ltr'>und</span> <span class='ocrx_word' id='word_1_223' title='bbox 1608 1641 1808 1680; x_wconf 86' lang='lat' dir='ltr'>Situation</span> <span class='ocrx_word' id='word_1_224' title='bbox 1828 1642 2018 1691; x_wconf 74' lang='lat' dir='ltr'>bedinqte</span> 
     </span>
     <span class='ocr_line' id='line_1_26' title="bbox 314 1693 2018 1745; baseline 0.001 -13"><span class='ocrx_word' id='word_1_225' title='bbox 314 1694 354 1732; x_wconf 93' lang='lat' dir='ltr'>N</span> <span class='ocrx_word' id='word_1_226' title='bbox 372 1696 433 1732; x_wconf 91' lang='lat' dir='ltr'>eb</span> <span class='ocrx_word' id='word_1_227' title='bbox 452 1709 473 1732; x_wconf 90' lang='lat' dir='ltr'>e</span> <span class='ocrx_word' id='word_1_228' title='bbox 491 1700 675 1732; x_wconf 89' lang='lat' dir='ltr'>nsinn.</span> <span class='ocrx_word' id='word_1_229' title='bbox 722 1694 846 1732; x_wconf 88' lang='lat' dir='ltr'>Wird</span> <span class='ocrx_word' id='word_1_230' title='bbox 886 1700 949 1732; x_wconf 89' lang='lat' dir='ltr'>ein</span> <span class='ocrx_word' id='word_1_231' title='bbox 991 1694 1118 1733; x_wconf 86' lang='lat' dir='ltr'>Wort</span> <span class='ocrx_word' id='word_1_232' title='bbox 1149 1693 1209 1732; x_wconf 81' lang='lat' dir='ltr'>oft</span> <span class='ocrx_word' id='word_1_233' title='bbox 1237 1700 1277 1732; x_wconf 91' lang='lat' dir='ltr'>in</span> <span class='ocrx_word' id='word_1_234' title='bbox 1305 1694 1537 1732; x_wconf 82' lang='lat' dir='ltr'>demselben</span> <span class='ocrx_word' id='word_1_235' title='bbox 1567 1694 1920 1745; x_wconf 70' lang='lat' dir='ltr'>Zusammenhanq</span> <span class='ocrx_word' id='word_1_236' title='bbox 1949 1709 2018 1745; x_wconf 72' lang='lat' dir='ltr'>qe-</span> 
     </span>
     <span class='ocr_line' id='line_1_27' title="bbox 314 1747 2019 1797; baseline 0.001 -12"><span class='ocrx_word' id='word_1_237' title='bbox 314 1748 510 1790; x_wconf 80' lang='lat' dir='ltr'>-braucht,</span> <span class='ocrx_word' id='word_1_238' title='bbox 546 1761 593 1786; x_wconf 90' lang='lat' dir='ltr'>so</span> <span class='ocrx_word' id='word_1_239' title='bbox 619 1747 744 1786; x_wconf 86' lang='lat' dir='ltr'>heftet</span> <span class='ocrx_word' id='word_1_240' title='bbox 772 1748 855 1786; x_wconf 88' lang='lat' dir='ltr'>sich</span> <span class='ocrx_word' id='word_1_241' title='bbox 884 1748 993 1785; x_wconf 86' lang='lat' dir='ltr'>diese</span> <span class='ocrx_word' id='word_1_242' title='bbox 1023 1747 1405 1797; x_wconf 71' lang='lat' dir='ltr'>Nebenbedeutunq</span> <span class='ocrx_word' id='word_1_243' title='bbox 1434 1748 1613 1786; x_wconf 88' lang='lat' dir='ltr'>dauernd</span> <span class='ocrx_word' id='word_1_244' title='bbox 1637 1762 1689 1786; x_wconf 86' lang='lat' dir='ltr'>an</span> <span class='ocrx_word' id='word_1_245' title='bbox 1703 1748 1899 1790; x_wconf 74' lang='lat' dir='ltr'>dasselbe.</span> <span class='ocrx_word' id='word_1_246' title='bbox 1918 1749 2019 1787; x_wconf 86' lang='lat' dir='ltr'>wird</span> 
     </span>
     <span class='ocr_line' id='line_1_28' title="bbox 313 1801 2018 1851; baseline 0.001 -12"><span class='ocrx_word' id='word_1_247' title='bbox 313 1801 377 1839; x_wconf 90' lang='lat' dir='ltr'>die</span> <span class='ocrx_word' id='word_1_248' title='bbox 418 1801 717 1839; x_wconf 83' lang='lat' dir='ltr'>dominierende</span> <span class='ocrx_word' id='word_1_249' title='bbox 760 1801 841 1839; x_wconf 89' lang='lat' dir='ltr'>und</span> <span class='ocrx_word' id='word_1_250' title='bbox 881 1801 988 1839; x_wconf 89' lang='lat' dir='ltr'>kann</span> <span class='ocrx_word' id='word_1_251' title='bbox 1024 1801 1269 1839; x_wconf 82' lang='lat' dir='ltr'>schliesslich</span> <span class='ocrx_word' id='word_1_252' title='bbox 1295 1801 1359 1839; x_wconf 91' lang='lat' dir='ltr'>die</span> <span class='ocrx_word' id='word_1_253' title='bbox 1387 1801 1623 1851; x_wconf 71' lang='lat' dir='ltr'>eiqentliche</span> <span class='ocrx_word' id='word_1_254' title='bbox 1649 1801 1886 1851; x_wconf 73' lang='lat' dir='ltr'>Bedeutunq</span> <span class='ocrx_word' id='word_1_255' title='bbox 1916 1816 2018 1851; x_wconf 69' lang='lat' dir='ltr'>ganz</span> 
     </span>
     <span class='ocr_line' id='line_1_29' title="bbox 312 1854 601 1902; baseline 0 -10"><span class='ocrx_word' id='word_1_256' title='bbox 312 1854 601 1902; x_wconf 68' lang='lat' dir='ltr'>verdranqen.’&#39;</span> 
     </span>
    </p>

    <p class='ocr_par' dir='ltr' id='par_1_9' title="bbox 312 1906 2020 2064">
     <span class='ocr_line' id='line_1_30' title="bbox 368 1906 2020 1957; baseline 0.001 -12"><span class='ocrx_word' id='word_1_257' title='bbox 368 1908 394 1957; x_wconf 89' lang='lat' dir='ltr'>J.</span> <span class='ocrx_word' id='word_1_258' title='bbox 441 1907 711 1956; x_wconf 82' lang='lat' dir='ltr'>Woltjer,</span> <span class='ocrx_word' id='word_1_259' title='bbox 757 1921 794 1946; x_wconf 92' lang='lat'>0.</span> <span class='ocrx_word' id='word_1_260' title='bbox 840 1907 864 1946; x_wconf 88' lang='lat' dir='ltr'>l.</span> <span class='ocrx_word' id='word_1_261' title='bbox 910 1921 950 1956; x_wconf 88' lang='lat' dir='ltr'>p.</span> <span class='ocrx_word' id='word_1_262' title='bbox 993 1908 1069 1945; x_wconf 84' lang='lat'>40:</span> <span class='ocrx_word' id='word_1_263' title='bbox 1116 1906 1225 1949; x_wconf 77' lang='lat' dir='ltr'>„Dat</span> <span class='ocrx_word' id='word_1_264' title='bbox 1262 1907 1313 1945; x_wconf 90' lang='lat' dir='ltr'>de</span> <span class='ocrx_word' id='word_1_265' title='bbox 1342 1908 1540 1946; x_wconf 86' lang='lat' dir='ltr'>woorden</span> <span class='ocrx_word' id='word_1_266' title='bbox 1564 1908 1667 1946; x_wconf 88' lang='lat' dir='ltr'>door</span> <span class='ocrx_word' id='word_1_267' title='bbox 1695 1910 1774 1946; x_wconf 91' lang='lat' dir='ltr'>den</span> <span class='ocrx_word' id='word_1_268' title='bbox 1803 1913 1866 1946; x_wconf 90' lang='lat' dir='ltr'>zin</span> <span class='ocrx_word' id='word_1_269' title='bbox 1896 1908 2020 1946; x_wconf 87' lang='lat' dir='ltr'>nader</span> 
     </span>
     <span class='ocr_line' id='line_1_31' title="bbox 312 1960 2018 2011; baseline 0.001 -13"><span class='ocrx_word' id='word_1_270' title='bbox 312 1960 485 2010; x_wconf 81' lang='lat' dir='ltr'>bepaald</span> <span class='ocrx_word' id='word_1_271' title='bbox 530 1961 708 2003; x_wconf 85' lang='lat' dir='ltr'>worden,</span> <span class='ocrx_word' id='word_1_272' title='bbox 754 1966 786 1998; x_wconf 92' lang='lat' dir='ltr'>is</span> <span class='ocrx_word' id='word_1_273' title='bbox 819 1960 977 1998; x_wconf 90' lang='lat' dir='ltr'>bekend</span> <span class='ocrx_word' id='word_1_274' title='bbox 1003 1968 1182 2010; x_wconf 70' lang='lat' dir='ltr'>geweest</span> <span class='ocrx_word' id='word_1_275' title='bbox 1209 1974 1290 1999; x_wconf 85' lang='lat' dir='ltr'>van</span> <span class='ocrx_word' id='word_1_276' title='bbox 1318 1960 1397 1998; x_wconf 91' lang='lat' dir='ltr'>den</span> <span class='ocrx_word' id='word_1_277' title='bbox 1426 1961 1495 2010; x_wconf 79' lang='lat' dir='ltr'>tijd</span> <span class='ocrx_word' id='word_1_278' title='bbox 1524 1960 1574 2003; x_wconf 85' lang='lat' dir='ltr'>af,</span> <span class='ocrx_word' id='word_1_279' title='bbox 1606 1961 1674 1999; x_wconf 86' lang='lat' dir='ltr'>dat</span> <span class='ocrx_word' id='word_1_280' title='bbox 1704 1975 1745 2000; x_wconf 86' lang='lat' dir='ltr'>er</span> <span class='ocrx_word' id='word_1_281' title='bbox 1769 1975 1850 1999; x_wconf 87' lang='lat' dir='ltr'>van</span> <span class='ocrx_word' id='word_1_282' title='bbox 1877 1961 2018 2011; x_wconf 72' lang='lat' dir='ltr'>uitleg-</span> 
     </span>
     <span class='ocr_line' id='line_1_32' title="bbox 313 2013 752 2064; baseline 0 -12"><span class='ocrx_word' id='word_1_283' title='bbox 313 2020 426 2064; x_wconf 73' lang='lat' dir='ltr'>—9in9</span> <span class='ocrx_word' id='word_1_284' title='bbox 456 2014 600 2062; x_wconf 87' lang='lat' dir='ltr'>sprake</span> <span class='ocrx_word' id='word_1_285' title='bbox 629 2013 752 2052; x_wconf 86' lang='lat' dir='ltr'>was.&#39;&#39;</span> 
     </span>
    </p>

    <p class='ocr_par' dir='ltr' id='par_1_10' title="bbox 366 2066 1769 2117">
     <span class='ocr_line' id='line_1_33' title="bbox 366 2066 1769 2117; baseline 0 -12"><span class='ocrx_word' id='word_1_286' title='bbox 366 2067 418 2105; x_wconf 91' lang='lat' dir='ltr'>H.</span> <span class='ocrx_word' id='word_1_287' title='bbox 470 2067 622 2109; x_wconf 85' lang='lat' dir='ltr'>Paul,</span> <span class='ocrx_word' id='word_1_288' title='bbox 670 2067 895 2115; x_wconf 86' lang='lat' dir='ltr'>Prinzipien</span> <span class='ocrx_word' id='word_1_289' title='bbox 924 2067 994 2105; x_wconf 89' lang='lat' dir='ltr'>der</span> <span class='ocrx_word' id='word_1_290' title='bbox 1023 2066 1426 2116; x_wconf 69' lang='lat' dir='ltr'>Sprachqeschichte4</span> <span class='ocrx_word' id='word_1_291' title='bbox 1458 2067 1607 2117; x_wconf 80' lang='lat'>[1909],</span> <span class='ocrx_word' id='word_1_292' title='bbox 1638 2081 1675 2116; x_wconf 91' lang='lat' dir='ltr'>p.</span> <span class='ocrx_word' id='word_1_293' title='bbox 1708 2068 1769 2105; x_wconf 87' lang='grc'>81.</span> 
     </span>
    </p>

    <p class='ocr_par' dir='ltr' id='par_1_11' title="bbox 366 2120 1508 2169">
     <span class='ocr_line' id='line_1_34' title="bbox 366 2120 1508 2169; baseline 0 -11"><span class='ocrx_word' id='word_1_294' title='bbox 366 2120 393 2167; x_wconf 81' lang='grc'>2)</span> <span class='ocrx_word' id='word_1_295' title='bbox 423 2120 695 2163; x_wconf 66' lang='grc' dir='ltr'>Κῐόςὴετ,</span> <span class='ocrx_word' id='word_1_296' title='bbox 742 2134 778 2159; x_wconf 89' lang='lat'>0.</span> <span class='ocrx_word' id='word_1_297' title='bbox 810 2120 832 2157; x_wconf 95' lang='lat' dir='ltr'>l.</span> <span class='ocrx_word' id='word_1_298' title='bbox 863 2134 901 2169; x_wconf 89' lang='lat' dir='ltr'>p.</span> <span class='ocrx_word' id='word_1_299' title='bbox 937 2122 1010 2162; x_wconf 86' lang='lat' dir='ltr'>l4;</span> <span class='ocrx_word' id='word_1_300' title='bbox 1043 2120 1136 2158; x_wconf 87' lang='lat' dir='ltr'>vide</span> <span class='ocrx_word' id='word_1_301' title='bbox 1166 2133 1285 2169; x_wconf 86' lang='lat' dir='ltr'>supra</span> <span class='ocrx_word' id='word_1_302' title='bbox 1311 2134 1349 2169; x_wconf 89' lang='lat' dir='ltr'>p.</span> <span class='ocrx_word' id='word_1_303' title='bbox 1385 2120 1508 2162; x_wconf 84' lang='lat'>159.2.</span> 
     </span>
    </p>

    <p class='ocr_par' dir='ltr' id='par_1_12' title="bbox 310 2172 2017 2384">
     <span class='ocr_line' id='line_1_35' title="bbox 366 2172 2016 2222; baseline 0 -11"><span class='ocrx_word' id='word_1_304' title='bbox 366 2174 442 2212; x_wconf 81' lang='lat' dir='ltr'>Fr.</span> <span class='ocrx_word' id='word_1_305' title='bbox 490 2173 729 2215; x_wconf 85' lang='lat' dir='ltr'>Liibker,</span> <span class='ocrx_word' id='word_1_306' title='bbox 774 2173 853 2211; x_wconf 86' lang='lat' dir='ltr'>Die</span> <span class='ocrx_word' id='word_1_307' title='bbox 895 2173 1093 2222; x_wconf 89' lang='lat' dir='ltr'>Sophokl.</span> <span class='ocrx_word' id='word_1_308' title='bbox 1138 2173 1284 2212; x_wconf 89' lang='lat' dir='ltr'>Theol.</span> <span class='ocrx_word' id='word_1_309' title='bbox 1330 2188 1366 2211; x_wconf 90' lang='lat' dir='ltr'>u.</span> <span class='ocrx_word' id='word_1_310' title='bbox 1398 2172 1503 2215; x_wconf 86' lang='lat' dir='ltr'>Eth.,</span> <span class='ocrx_word' id='word_1_311' title='bbox 1540 2187 1577 2222; x_wconf 91' lang='lat' dir='ltr'>p.</span> <span class='ocrx_word' id='word_1_312' title='bbox 1614 2173 1670 2215; x_wconf 81' lang='lat'>15.</span> <span class='ocrx_word' id='word_1_313' title='bbox 1707 2174 1778 2211; x_wconf 78' lang='lat'>14:</span> <span class='ocrx_word' id='word_1_314' title='bbox 1812 2172 1904 2216; x_wconf 70' lang='lat' dir='ltr'>„An</span> <span class='ocrx_word' id='word_1_315' title='bbox 1932 2173 2016 2212; x_wconf 90' lang='lat' dir='ltr'>sich</span> 
     </span>
     <span class='ocr_line' id='line_1_36' title="bbox 310 2225 2013 2276; baseline -0.001 -11"><span class='ocrx_word' id='word_1_316' title='bbox 310 2227 421 2269; x_wconf 74' lang='lat' dir='ltr'>bose.</span> <span class='ocrx_word' id='word_1_317' title='bbox 465 2227 706 2276; x_wconf 70' lang='lat' dir='ltr'>nachtheiliq</span> <span class='ocrx_word' id='word_1_318' title='bbox 754 2227 853 2265; x_wconf 87' lang='lat' dir='ltr'>oder</span> <span class='ocrx_word' id='word_1_319' title='bbox 881 2226 1135 2276; x_wconf 71' lang='lat' dir='ltr'>unqliicklich</span> <span class='ocrx_word' id='word_1_320' title='bbox 1164 2226 1252 2265; x_wconf 84' lang='lat' dir='ltr'>also</span> <span class='ocrx_word' id='word_1_321' title='bbox 1278 2232 1327 2264; x_wconf 90' lang='lat' dir='ltr'>ist</span> <span class='ocrx_word' id='word_1_322' title='bbox 1353 2226 1423 2264; x_wconf 88' lang='lat' dir='ltr'>der</span> <span class='ocrx_word' id='word_1_323' title='bbox 1451 2226 1594 2276; x_wconf 67' lang='grc' dir='ltr'>δαὶμων</span> <span class='ocrx_word' id='word_1_324' title='bbox 1621 2227 1704 2265; x_wconf 84' lang='lat' dir='ltr'>hier</span> <span class='ocrx_word' id='word_1_325' title='bbox 1736 2225 1779 2276; x_wconf 90' lang='lat' dir='ltr'>[S</span> <span class='ocrx_word' id='word_1_326' title='bbox 1796 2240 1822 2265; x_wconf 95' lang='lat' dir='ltr'>o</span> <span class='ocrx_word' id='word_1_327' title='bbox 1840 2227 1918 2275; x_wconf 91' lang='lat' dir='ltr'>ph.</span> <span class='ocrx_word' id='word_1_328' title='bbox 1949 2226 2013 2264; x_wconf 77' lang='grc' dir='ltr'><strong>Αἰ.</strong></span> 
     </span>
     <span class='ocr_line' id='line_1_37' title="bbox 316 2279 2017 2330; baseline 0 -12"><span class='ocrx_word' id='word_1_329' title='bbox 316 2280 430 2330; x_wconf 88' lang='grc'><strong>1214]</strong></span> <span class='ocrx_word' id='word_1_330' title='bbox 466 2294 513 2318; x_wconf 90' lang='lat' dir='ltr'>so</span> <span class='ocrx_word' id='word_1_331' title='bbox 542 2285 685 2330; x_wconf 72' lang='lat' dir='ltr'>weniq,</span> <span class='ocrx_word' id='word_1_332' title='bbox 716 2285 793 2318; x_wconf 88' lang='lat' dir='ltr'>wie</span> <span class='ocrx_word' id='word_1_333' title='bbox 824 2286 864 2318; x_wconf 86' lang='lat' dir='ltr'>in</span> <span class='ocrx_word' id='word_1_334' title='bbox 892 2280 962 2318; x_wconf 87' lang='lat' dir='ltr'>der</span> <span class='ocrx_word' id='word_1_335' title='bbox 987 2280 1264 2318; x_wconf 85' lang='lat' dir='ltr'>homerischen</span> <span class='ocrx_word' id='word_1_336' title='bbox 1293 2279 1571 2329; x_wconf 72' lang='lat' dir='ltr'>Vorstellunq,</span> <span class='ocrx_word' id='word_1_337' title='bbox 1601 2287 1715 2318; x_wconf 89' lang='lat' dir='ltr'>sonst</span> <span class='ocrx_word' id='word_1_338' title='bbox 1739 2280 1876 2318; x_wconf 79' lang='lat' dir='ltr'>wiirde</span> <span class='ocrx_word' id='word_1_339' title='bbox 1889 2293 1930 2318; x_wconf 87' lang='lat' dir='ltr'>er</span> <span class='ocrx_word' id='word_1_340' title='bbox 1947 2280 2017 2318; x_wconf 87' lang='lat' dir='ltr'>der</span> 
     </span>
     <span class='ocr_line' id='line_1_38' title="bbox 311 2331 1497 2384; baseline -0.001 -13"><span class='ocrx_word' id='word_1_341' title='bbox 311 2333 492 2371; x_wconf 78' lang='lat' dir='ltr'>Beis&#39;atze</span> <span class='ocrx_word' id='word_1_342' title='bbox 522 2347 613 2381; x_wconf 56' lang='lat' dir='ltr'>‘Ji-07</span> <span class='ocrx_word' id='word_1_343' title='bbox 631 2336 721 2384; x_wconf 70' lang='grc' dir='ltr'><em>ερός,</em></span> <span class='ocrx_word' id='word_1_344' title='bbox 753 2338 862 2383; x_wconf 73' lang='grc' dir='ltr'><em>ὠμός,</em></span> <span class='ocrx_word' id='word_1_345' title='bbox 896 2334 1100 2382; x_wconf 61' lang='grc' dir='ltr'>δυστυχής</span> <span class='ocrx_word' id='word_1_346' title='bbox 1129 2333 1237 2371; x_wconf 88' lang='lat' dir='ltr'>nicht</span> <span class='ocrx_word' id='word_1_347' title='bbox 1266 2331 1497 2371; x_wconf 58' lang='lat' dir='ltr'>beduriens&#39;</span> 
     </span>
    </p>

    <p class='ocr_par' dir='ltr' id='par_1_13' title="bbox 364 2385 2016 2435">
     <span class='ocr_line' id='line_1_39' title="bbox 364 2385 2016 2435; baseline -0.001 -10"><span class='ocrx_word' id='word_1_348' title='bbox 364 2386 390 2433; x_wconf 78' lang='grc'>3)</span> <span class='ocrx_word' id='word_1_349' title='bbox 421 2386 492 2424; x_wconf 84' lang='lat' dir='ltr'>Kr</span> <span class='ocrx_word' id='word_1_350' title='bbox 512 2387 697 2428; x_wconf 75' lang='lat' dir='ltr'>ocher.</span> <span class='ocrx_word' id='word_1_351' title='bbox 748 2400 785 2425; x_wconf 87' lang='lat' dir='ltr'>o.</span> <span class='ocrx_word' id='word_1_352' title='bbox 830 2387 853 2425; x_wconf 92' lang='lat' dir='ltr'>l.</span> <span class='ocrx_word' id='word_1_353' title='bbox 900 2401 937 2435; x_wconf 89' lang='lat' dir='ltr'>p.</span> <span class='ocrx_word' id='word_1_354' title='bbox 989 2388 1033 2424; x_wconf 89' lang='lat'>14</span> <span class='ocrx_word' id='word_1_355' title='bbox 1078 2394 1210 2425; x_wconf 88' lang='lat' dir='ltr'>recte:</span> <span class='ocrx_word' id='word_1_356' title='bbox 1242 2385 1456 2429; x_wconf 84' lang='lat' dir='ltr'>„Grenzen</span> <span class='ocrx_word' id='word_1_357' title='bbox 1485 2400 1533 2425; x_wconf 88' lang='lat' dir='ltr'>zu</span> <span class='ocrx_word' id='word_1_358' title='bbox 1558 2385 1735 2427; x_wconf 83' lang='lat' dir='ltr'>ziehen‚’&#39;</span> <span class='ocrx_word' id='word_1_359' title='bbox 1761 2391 1899 2435; x_wconf 86' lang='lat' dir='ltr'>inquit,</span> <span class='ocrx_word' id='word_1_360' title='bbox 1942 2391 2016 2429; x_wconf 77' lang='lat' dir='ltr'>„ist</span> 
     </span>
    </p>
   </div>
   <div class='ocr_carea' id='block_1_4' title="bbox 311 2439 2012 2543">
    <p class='ocr_par' dir='ltr' id='par_1_14' title="bbox 311 2439 2012 2543">
     <span class='ocr_line' id='line_1_40' title="bbox 311 2439 2012 2543; baseline -0.002 -9"><span class='ocrx_word' id='word_1_361' title='bbox 311 2439 567 2538; x_wconf 46' lang='grc' dir='ltr'><strong>εεξῖνίξῃὲέὶ.</strong></span> <span class='ocrx_word' id='word_1_362' title='bbox 613 2507 639 2540; x_wconf 61' lang='grc' dir='ltr'><em>γ</em></span> <span class='ocrx_word' id='word_1_363' title='bbox 676 2493 760 2531; x_wconf 89' lang='lat'>166.</span> <span class='ocrx_word' id='word_1_364' title='bbox 806 2507 822 2529; x_wconf 86' lang='grc' dir='ltr'><em>ε</em></span> <span class='ocrx_word' id='word_1_365' title='bbox 851 2493 939 2535; x_wconf 86' lang='lat'>396,</span> <span class='ocrx_word' id='word_1_366' title='bbox 972 2494 1061 2531; x_wconf 96' lang='lat' dir='ltr'>42l.</span> <span class='ocrx_word' id='word_1_367' title='bbox 1105 2507 1126 2529; x_wconf 85' lang='grc' dir='ltr'>κ</span> <span class='ocrx_word' id='word_1_368' title='bbox 1156 2493 1218 2531; x_wconf 88' lang='grc'><strong>64.</strong></span> <span class='ocrx_word' id='word_1_369' title='bbox 1265 2497 1289 2530; x_wconf 80' lang='grc' dir='ltr'>λ</span> <span class='ocrx_word' id='word_1_370' title='bbox 1319 2493 1381 2530; x_wconf 90' lang='lat'>61.</span> <span class='ocrx_word' id='word_1_371' title='bbox 1424 2508 1451 2543; x_wconf 76' lang='grc' dir='ltr'><em>μ</em></span> <span class='ocrx_word' id='word_1_372' title='bbox 1482 2493 1569 2530; x_wconf 87' lang='grc'><strong>295.</strong></span> <span class='ocrx_word' id='word_1_373' title='bbox 1617 2493 1642 2539; x_wconf 76' lang='grc' dir='ltr'><strong><em>ξ</em></strong></span> <span class='ocrx_word' id='word_1_374' title='bbox 1665 2493 1754 2530; x_wconf 88' lang='grc'><strong>488.</strong></span> <span class='ocrx_word' id='word_1_375' title='bbox 1779 2506 1812 2529; x_wconf 72' lang='lat' dir='ltr'>vn·</span> <span class='ocrx_word' id='word_1_376' title='bbox 1840 2492 1902 2533; x_wconf 85' lang='lat'>64.</span> <span class='ocrx_word' id='word_1_377' title='bbox 1929 2493 2012 2530; x_wconf 90' lang='lat'>194.</span> 
     </span>
    </p>
   </div>
   <div class='ocr_carea' id='block_1_5' title="bbox 309 2546 2013 2860">
    <p class='ocr_par' dir='ltr' id='par_1_15' title="bbox 311 2546 1410 2595">
     <span class='ocr_line' id='line_1_41' title="bbox 311 2546 1410 2595; baseline 0.001 -12"><span class='ocrx_word' id='word_1_378' title='bbox 311 2559 330 2595; x_wconf 79' lang='grc' dir='ltr'><em>ρ</em></span> <span class='ocrx_word' id='word_1_379' title='bbox 360 2547 447 2583; x_wconf 90' lang='lat'>446.</span> <span class='ocrx_word' id='word_1_380' title='bbox 495 2560 517 2582; x_wconf 71' lang='lat'>0·</span> <span class='ocrx_word' id='word_1_381' title='bbox 548 2546 635 2584; x_wconf 87' lang='lat'>256.</span> <span class='ocrx_word' id='word_1_382' title='bbox 679 2561 701 2583; x_wconf 77' lang='grc' dir='ltr'>τ</span> <span class='ocrx_word' id='word_1_383' title='bbox 739 2547 822 2588; x_wconf 88' lang='grc'><strong>129,</strong></span> <span class='ocrx_word' id='word_1_384' title='bbox 855 2547 943 2587; x_wconf 85' lang='grc'><strong>201,</strong></span> <span class='ocrx_word' id='word_1_385' title='bbox 974 2546 1063 2584; x_wconf 90' lang='lat'>512.</span> <span class='ocrx_word' id='word_1_386' title='bbox 1109 2560 1129 2582; x_wconf 69' lang='grc' dir='ltr'>υ</span> <span class='ocrx_word' id='word_1_387' title='bbox 1159 2547 1220 2584; x_wconf 90' lang='grc'><strong>87.</strong></span> <span class='ocrx_word' id='word_1_388' title='bbox 1264 2560 1291 2582; x_wconf 79' lang='grc' dir='ltr'><em>ω</em></span> <span class='ocrx_word' id='word_1_389' title='bbox 1327 2546 1410 2584; x_wconf 91' lang='lat'>149.</span> 
     </span>
    </p>

    <p class='ocr_par' dir='ltr' id='par_1_16' title="bbox 309 2597 2013 2860">
     <span class='ocr_line' id='line_1_42' title="bbox 365 2597 2010 2648; baseline -0.001 -12"><span class='ocrx_word' id='word_1_390' title='bbox 365 2599 393 2647; x_wconf 76' lang='lat'>5)</span> <span class='ocrx_word' id='word_1_391' title='bbox 424 2598 690 2641; x_wconf 77' lang='lat' dir='ltr'>Krocher‚</span> <span class='ocrx_word' id='word_1_392' title='bbox 738 2612 774 2637; x_wconf 93' lang='lat' dir='ltr'>o.</span> <span class='ocrx_word' id='word_1_393' title='bbox 806 2599 828 2637; x_wconf 90' lang='lat' dir='ltr'>l.</span> <span class='ocrx_word' id='word_1_394' title='bbox 860 2614 897 2648; x_wconf 88' lang='lat' dir='ltr'>p.</span> <span class='ocrx_word' id='word_1_395' title='bbox 931 2601 976 2637; x_wconf 92' lang='lat'>14</span> <span class='ocrx_word' id='word_1_396' title='bbox 1007 2604 1148 2638; x_wconf 86' lang='lat' dir='ltr'>merito</span> <span class='ocrx_word' id='word_1_397' title='bbox 1180 2604 1288 2637; x_wconf 89' lang='lat' dir='ltr'>reicit</span> <span class='ocrx_word' id='word_1_398' title='bbox 1331 2598 1578 2638; x_wconf 81' lang='lat' dir='ltr'>Cuntzii¹</span> <span class='ocrx_word' id='word_1_399' title='bbox 1614 2598 1713 2637; x_wconf 89' lang='lat' dir='ltr'>haec</span> <span class='ocrx_word' id='word_1_400' title='bbox 1745 2598 1798 2648; x_wconf 90' lang='lat' dir='ltr'>[o.</span> <span class='ocrx_word' id='word_1_401' title='bbox 1822 2597 1845 2636; x_wconf 90' lang='lat' dir='ltr'>l.</span> <span class='ocrx_word' id='word_1_402' title='bbox 1873 2611 1911 2647; x_wconf 91' lang='lat' dir='ltr'>p.</span> <span class='ocrx_word' id='word_1_403' title='bbox 1941 2597 2010 2648; x_wconf 89' lang='lat'>4]:</span> 
     </span>
     <span class='ocr_line' id='line_1_43' title="bbox 312 2651 2013 2701; baseline -0.001 -12"><span class='ocrx_word' id='word_1_404' title='bbox 312 2652 522 2694; x_wconf 80' lang='lat' dir='ltr'>„omnibus</span> <span class='ocrx_word' id='word_1_405' title='bbox 573 2651 653 2690; x_wconf 82' lang='lat' dir='ltr'>fere</span> <span class='ocrx_word' id='word_1_406' title='bbox 704 2651 803 2690; x_wconf 89' lang='lat' dir='ltr'>locis</span> <span class='ocrx_word' id='word_1_407' title='bbox 847 2654 899 2701; x_wconf 90' lang='lat' dir='ltr'>(in</span> <span class='ocrx_word' id='word_1_408' title='bbox 943 2651 1135 2701; x_wconf 89' lang='lat' dir='ltr'>Odyssea</span> <span class='ocrx_word' id='word_1_409' title='bbox 1177 2654 1245 2701; x_wconf 85' lang='lat' dir='ltr'>sc.)</span> <span class='ocrx_word' id='word_1_410' title='bbox 1288 2653 1438 2690; x_wconf 90' lang='lat' dir='ltr'>bonurn</span> <span class='ocrx_word' id='word_1_411' title='bbox 1484 2659 1543 2690; x_wconf 88' lang='lat' dir='ltr'>est</span> <span class='ocrx_word' id='word_1_412' title='bbox 1586 2665 1743 2694; x_wconf 89' lang='lat' dir='ltr'>numen.</span> <span class='ocrx_word' id='word_1_413' title='bbox 1786 2651 2013 2689; x_wconf 89' lang='lat' dir='ltr'>hominibus</span> 
     </span>
     <span class='ocr_line' id='line_1_44' title="bbox 309 2703 2012 2755; baseline -0.001 -13"><span class='ocrx_word' id='word_1_414' title='bbox 309 2709 525 2753; x_wconf 88' lang='lat' dir='ltr'>propitium</span> <span class='ocrx_word' id='word_1_415' title='bbox 557 2705 715 2754; x_wconf 61' lang='grc' dir='ltr'>[ἒκὶμων</span> <span class='ocrx_word' id='word_1_416' title='bbox 745 2705 829 2755; x_wconf 88' lang='lat' dir='ltr'>sc.],</span> <span class='ocrx_word' id='word_1_417' title='bbox 860 2705 1012 2754; x_wconf 86' lang='lat' dir='ltr'>aliquot</span> <span class='ocrx_word' id='word_1_418' title='bbox 1042 2705 1167 2744; x_wconf 89' lang='lat' dir='ltr'>modo</span> <span class='ocrx_word' id='word_1_419' title='bbox 1196 2705 1296 2744; x_wconf 86' lang='lat' dir='ltr'>locis</span> <span class='ocrx_word' id='word_1_420' title='bbox 1312 2705 1543 2744; x_wconf 87' lang='lat' dir='ltr'>iracundum</span> <span class='ocrx_word' id='word_1_421' title='bbox 1560 2705 1744 2754; x_wconf 88' lang='lat' dir='ltr'>idemque</span> <span class='ocrx_word' id='word_1_422' title='bbox 1759 2703 2012 2746; x_wconf 81' lang='lat' dir='ltr'>benevolum,</span> 
     </span>
     <span class='ocr_line' id='line_1_45' title="bbox 310 2757 2013 2808; baseline -0.001 -12"><span class='ocrx_word' id='word_1_423' title='bbox 310 2757 421 2806; x_wconf 91' lang='lat' dir='ltr'>quod</span> <span class='ocrx_word' id='word_1_424' title='bbox 478 2758 719 2807; x_wconf 70' lang='lat' dir='ltr'>corrigendo</span> <span class='ocrx_word' id='word_1_425' title='bbox 761 2766 799 2796; x_wconf 91' lang='lat' dir='ltr'>et</span> <span class='ocrx_word' id='word_1_426' title='bbox 840 2758 1079 2808; x_wconf 68' lang='lat' dir='ltr'>castigando</span> <span class='ocrx_word' id='word_1_427' title='bbox 1123 2759 1174 2796; x_wconf 86' lang='lat' dir='ltr'>ad</span> <span class='ocrx_word' id='word_1_428' title='bbox 1217 2759 1319 2797; x_wconf 87' lang='lat' dir='ltr'>bene</span> <span class='ocrx_word' id='word_1_429' title='bbox 1365 2758 1561 2807; x_wconf 87' lang='lat' dir='ltr'>beateque</span> <span class='ocrx_word' id='word_1_430' title='bbox 1607 2757 1825 2796; x_wconf 87' lang='lat' dir='ltr'>vivendum</span> <span class='ocrx_word' id='word_1_431' title='bbox 1869 2757 2013 2795; x_wconf 88' lang='lat' dir='ltr'>ducere</span> 
     </span>
     <span class='ocr_line' id='line_1_46' title="bbox 309 2810 1329 2860; baseline 0 -11"><span class='ocrx_word' id='word_1_432' title='bbox 309 2811 467 2849; x_wconf 86' lang='lat' dir='ltr'>studeat</span> <span class='ocrx_word' id='word_1_433' title='bbox 495 2810 720 2849; x_wconf 85' lang='lat' dir='ltr'>mortales.&#39;&#39;</span> <span class='ocrx_word' id='word_1_434' title='bbox 761 2810 824 2850; x_wconf 87' lang='lat' dir='ltr'>Cf.</span> <span class='ocrx_word' id='word_1_435' title='bbox 856 2825 975 2860; x_wconf 85' lang='lat' dir='ltr'>supra</span> <span class='ocrx_word' id='word_1_436' title='bbox 1003 2825 1069 2860; x_wconf 90' lang='lat' dir='ltr'>pp.</span> <span class='ocrx_word' id='word_1_437' title='bbox 1098 2812 1173 2853; x_wconf 71' lang='lat'>452</span> <span class='ocrx_word' id='word_1_438' title='bbox 1201 2813 1263 2853; x_wconf 85' lang='lat'>46,</span> <span class='ocrx_word' id='word_1_439' title='bbox 1296 2812 1329 2849; x_wconf 91' lang='lat'>2.</span> 
     </span>
    </p>
   </div>
  </div>
 </body>
</html>
