2159 3288
994 116 1079 158 207

187 253 322 300 ipse
353 260 538 287 narrans
570 243 796 298 significat.
831 259 960 298 quem
992 244 1097 287 alias
1130 260 1290 287 numen
1323 244 1517 287 divinum
1549 254 1670 288 cetto
1712 251 1887 288 nomine

189 318 442 358 nuncupare
475 303 616 346 solere
649 319 780 357 supra
809 303 1219 346 demonstravimus.
1238 302 1267 357 1>
1348 299 1363 307 ⁴

249 369 273 420 β
305 363 392 405 416
414 379 461 394 =
482 382 510 419 γ
547 363 597 404 12
629 368 672 404 in
705 369 820 404 exitu
852 377 1005 405 versus
1035 372 1136 416 post
1168 362 1383 405 diaeresin
1424 362 1668 405 bucolieam
1700 362 1885 417 legitur:

241 424 349 478 ἦρχε
379 423 416 463 δ’
460 423 653 478 Ἀθήνη,
699 437 788 474 quo
834 420 947 466 loco.
996 421 1116 475 quod
1162 422 1218 464 ad
1264 432 1461 467 metrum.
1507 428 1610 464 satis
1657 421 1886 465 commode

188 480 325 523 subici
357 489 503 535 potest
534 483 640 537 ἦρχε
672 482 718 523 δὲ
752 483 928 535 δαίμων.

246 542 287 583 Α
319 540 405 582 495
437 549 540 582 ante
572 554 796 582 caesuram
829 542 944 583 και-,ὰ
978 541 1114 595 τρίτον
1151 544 1385 596 τροχαῖονῑ
1426 541 1527 590 Ζεὺς
1565 537 1599 582 δ’
1635 542 1757 597 ἦρχε.

247 617 273 642 α
325 599 404 640 125
437 605 481 640 in
513 604 628 640 exitu
660 613 838 640 versus:
872 601 896 654 ἡ
933 599 968 642 δ’
1005 601 1158 643 ἕσπετο
1200 601 1379 650 Παλλὰς
1414 600 1587 655 Ἀθήνη

249 663 272 714 β
321 658 428 699 405:
449 659 508 708 ὣς
524 660 608 714 ἄρα
629 659 845 713 <gamit-hoste?
868 659 1063 713 ἡγήσατο
1084 660 1263 709 Παλλὰς
1283 659 1456 713 Ἀθήνη
1477 656 1544 711 [=
1565 676 1592 713 γ
1610 658 1666 700 29
1689 675 1735 691 =
1752 675 1778 713 η
1796 656 1886 710 37].

246 715 509 770 Aphrodite.
557 731 670 769 quae
721 719 753 760 Γ
799 717 885 758 420
933 727 998 758 est
1041 718 1217 771 δαίμων,
1260 716 1392 769 paulo
1425 726 1526 770 post
1560 716 1632 769 [ib.
1667 716 1766 770 425]
1803 720 1886 760 θεά

186 774 445 829 appellatur.
477 774 551 817 ubi
585 778 667 818 θεά
700 775 856 829 legitur
888 782 932 817 in
965 775 1075 817 thesi
1108 775 1232 829 pedis
1263 776 1288 817 3
1322 785 1364 817 et
1396 782 1438 817 in
1456 782 1540 817 arsi
1563 775 1685 828 pedis
1702 777 1742 821 4.
1758 790 1887 828 quem

186 833 330 876 locum
364 834 476 876 hanc
507 849 665 876 vocem
699 841 862 877 centies
895 833 1039 876 decies
1071 849 1290 888 occupare
1323 834 1522 876 vidimus.
1540 834 1571 887 ²)

246 890 359 934 Cum
406 892 554 935 verbis
598 895 703 949 ἦρχε
748 895 793 936 δὲ
841 894 1020 949 δαίμων,
1068 895 1171 949 ἦρχε
1205 895 1239 935 δ’
1278 895 1451 950 Ἀθήνη
1486 909 1637 935 versus
1669 892 1887 935 clausulae

188 951 377 994 conferri
404 961 589 1005 possunt
620 951 738 993 haud
768 967 958 1005 paucae:

190 1013 207 1054 Ι
241 1011 339 1055 657.
375 1011 520 1067 8370.
556 1029 590 1052 ω
604 1009 1282 1063 501postdiaeresinbucohcam
1296 1011 1569 1068 legiturffipla
1583 1012 1883 1061 δ”Οδυσσεύς.

249 1128 333 1170 262
747 1161 767 1173 ,,
924 1161 944 1173 ,.
1153 1162 1173 1174 ..
1357 1161 1377 1173 ..
1455 1130 1558 1185 ἦρχε
1572 1130 1606 1171 δ’
1617 1130 1679 1184 ἄρ’
1689 1131 1705 1145 ‘'
1717 1131 1886 1183 Εκτωρ.

549 1187 685 1228 Φ39Ῑ
745 1219 765 1232 ··
918 1220 938 1232 ··
1152 1221 1172 1233 υ
1355 1221 1376 1233 ..
1453 1189 1831 1243 ἧρκεγὰρἊρης.

546 1248 592 1288 Ψ
638 1246 687 1286 12
744 1279 765 1291 ,.
916 1279 936 1292 ,,
1151 1280 1172 1292 ,,
1356 1279 1376 1292 ,,
1455 1248 1559 1302 ἦρχε
1584 1248 1618 1288 δ’
1640 1248 1886 1302 Ἀχιλλεύς.

437 1306 474 1346 Π
495 1305 593 1350 552,
615 1323 648 1346 ω
666 1305 693 1346 9
744 1338 764 1351 ,,
918 1338 939 1351 ..
1148 1339 1168 1351 ..
1352 1339 1373 1352 ‚.
1452 1307 1555 1362 ἦρχε
1575 1307 1610 1347 δ’
1633 1308 1712 1360 ἄρά
1731 1323 1843 1362 σφιν.

536 1366 569 1406 P
604 1363 687 1405 597
736 1397 757 1410 ..
912 1397 932 1409 ..
1146 1397 1166 1409 ..
1350 1398 1371 1410 ..
1449 1367 1553 1421 ἦρχε
1587 1366 1753 1421 φόβοιο.

529 1424 567 1464 Ω
602 1423 685 1463 723
737 1456 757 1468 ..
913 1456 933 1468 ..
1147 1456 1168 1468 ..
1351 1456 1371 1469 ..
1449 1425 1556 1479 ἦρχε
1587 1427 1724 1478 γόοιο.

550 1500 569 1523 ε
603 1482 687 1522 237
738 1516 757 1528 ..
913 1515 932 1527 ..
1147 1515 1167 1527 ‚.
1353 1515 1373 1528 ..
1451 1484 1557 1539 ἦρχε
1592 1484 1627 1525 δ’
1664 1486 1796 1525 ὁδοῖο.

189 1542 229 1582 Α
250 1539 348 1585 571,
371 1541 409 1582 H
432 1539 529 1584 347,
551 1541 585 1581 Σ
604 1540 715 1608 2491

189 1605 212 1656 β
254 1599 316 1643 15,
350 1618 381 1642 π
413 1599 511 1643 345.
546 1599 687 1643 (5349.
741 1632 761 1645 ,.
916 1632 937 1645 ..
1150 1633 1170 1646 .‚
1354 1633 1373 1645 ..
1453 1601 1549 1656 ἦρχ’
1586 1602 1816 1655 ἀπόρεύεω.

246 1676 268 1700 υ
303 1657 401 1703 359.
434 1676 458 1713 γ
493 1658 573 1699 461
706 1640 717 1681 l

246 1713 373 1762 Quas
405 1731 557 1758 omnes
589 1715 839 1758 elaboratas
872 1726 913 1759 et
932 1726 1152 1770 tamquam
1168 1716 1443 1759 elucubratas
1462 1733 1554 1759 esse
1570 1724 1693 1759 metri
1710 1716 1886 1762 formas.

188 1790 317 1817 nemo
350 1784 414 1817 est
446 1781 550 1828 quin
580 1775 808 1817 concedat.

248 1832 336 1876 Pro
367 1836 470 1890 ἦρχε
505 1836 550 1877 δὲ
584 1837 746 1889 δαίμων
783 1834 833 1887 [Γ
866 1834 966 1887 420]
1002 1834 1198 1877 subicere
1231 1835 1329 1877 licet
1361 1837 1456 1891 ἦρχ’
1493 1836 1746 1891 Ἀφροδίτη,
1774 1850 1887 1888 quae

186 1891 330 1934 forma
361 1892 566 1935 omnibus
597 1893 687 1935 fere
728 1894 833 1936 locis
851 1894 880 1945 3)
921 1909 1074 1936 versus
1107 1901 1266 1936 exitum
1301 1904 1516 1948 occupat:
1553 1896 1653 1945 Διὸς
1693 1898 1888 1950 θυγάτηρ

185 1953 426 2008 Ἀφροδίτη
459 1958 502 1994 in
534 1967 687 1994 versus
719 1959 834 1994 exitu
866 1952 1022 2007 legitur
1056 1955 1088 1995 Γ
1121 1954 1217 1995 374.
1258 1955 1291 1995 Ε
1332 1954 1424 1999 131.
1460 1954 1557 1999 312.
1592 1954 1690 1995 820.
1726 1957 1758 1996 Ξ
1793 1954 1886 1998 193.

188 2011 287 2052 224.
317 2013 355 2054 Φ
388 2012 488 2053 416.
520 2014 567 2054 Ψ
605 2012 698 2054 185.
740 2016 768 2054 θ
799 2012 897 2053 308.

242 2097 269 2145 ¹)
301 2095 432 2145 Supra
460 2111 498 2146 p.
530 2098 591 2136 84.
650 2098 679 2146 ²)
709 2096 772 2136 Cf.
799 2111 918 2146 supra
942 2112 978 2147 p.
1018 2098 1100 2135 193.

239 2150 268 2198 ³)
299 2162 319 2186 υ
349 2151 398 2188 73
427 2155 467 2188 in
495 2155 610 2189 initio
639 2164 803 2189 versus:
836 2151 911 2187 εἰτ’
946 2151 1151 2200 ’,Χφρεδὶτις
1169 2182 1337 2190 .......

240 2204 255 2237 Ι
284 2203 385 2241 389:
418 2203 493 2240 οὐδ’
526 2206 556 2240 εἰ
588 2208 750 2252 χρυσεὶῇ
785 2203 994 2253 ’,Χφρεδίτῂῆ
1027 2209 1173 2247 κάλλος
1202 2205 1321 2253 spissi,

241 2253 386 2294 Genet.
417 2261 516 2306 sing.
546 2262 587 2294 in
615 2262 722 2295 exitu
751 2270 889 2295 versus
921 2259 945 2293 Γ
972 2258 1033 2298 54.
1065 2258 1126 2295 64.
1159 2259 1189 2292 T
1225 2258 1308 2295 105.
1339 2260 1359 2294 δ
1396 2259 1452 2296 14.
1483 2256 1513 2295 Ξῖ
1543 2258 1630 2296 267.
1668 2271 1698 2306 χ
1724 2258 1812 2296 444.

241 2307 336 2347 Dat.
365 2314 464 2358 sing.
560 2340 580 2352 ,.
654 2340 673 2352 ,.
809 2340 828 2352 ..
920 2312 955 2346 T
987 2310 1073 2348 282.
1108 2312 1150 2346 Ω
1182 2310 1269 2348 699.
1301 2309 1331 2348 5:
1356 2312 1444 2352 337.
1475 2312 1564 2349 342.
1595 2325 1614 2358 ρ
1639 2311 1701 2349 37.
1733 2325 1756 2347 τ
1784 2311 1846 2349 54.

241 2360 388 2400 Aecus.
417 2367 516 2411 sing.
558 2393 578 2405 ‚.
652 2392 672 2404 ..
806 2393 826 2405 ,.
918 2365 948 2399 Γ,
974 2364 1062 2401 427.
1099 2366 1123 2399 Ξ
1158 2364 1241 2401 188.

242 2412 497 2463 Quamquam
525 2414 676 2453 litterae
707 2430 753 2464 φρ
783 2420 822 2454 in
851 2429 930 2454 una
955 2416 1175 2465 eademque
1196 2429 1300 2455 voce
1324 2422 1536 2466 positionis
1551 2424 1641 2454 sunt
1656 2415 1885 2458 effectrices.

187 2465 316 2505 littera
344 2482 368 2504 α
396 2473 512 2506 vocis
541 2467 750 2518 Ἀφροδίτη
780 2476 912 2507 tamen
941 2474 1173 2518 compitum
1204 2470 1315 2508 aliter
1356 2483 1439 2508 vox
1481 2470 1696 2508 hexametri
1724 2469 1887 2508 vinculo

189 2525 353 2569 astringi
376 2533 460 2559 non
485 2528 645 2569 potest:
672 2520 721 2559 cf.
753 2521 872 2559 Van
903 2521 1182 2564 Leeuwen.
1213 2522 1387 2565 Enchir.,
1417 2537 1454 2572 p.
1491 2523 1563 2561 loo
1592 2537 1648 2572 sq.
1678 2522 1884 2564 Bickel.

187 2571 251 2611 0.l.
279 2586 316 2620 p.
348 2573 436 2611 571.
464 2573 638 2616 Blass.
665 2574 731 2612 o.l.
759 2574 784 2616 Ι,
820 2575 870 2615 13,
900 2589 937 2623 p.
968 2575 1045 2613 303
1075 2589 1131 2624 sq.

242 2625 308 2664 De
351 2631 605 2675 correptione
647 2626 793 2669 Attica.
836 2641 939 2676 quae
976 2627 1129 2670 dicitur.
1172 2627 1220 2666 cf.
1268 2627 1493 2670 Giseke.
1542 2628 1622 2667 o.l.
1653 2643 1690 2678 p.
1727 2629 1797 2666 153
1827 2641 1883 2676 sq.

187 2677 445 2720 Schulze.
476 2692 513 2717 0.
531 2679 554 2717 l.
585 2679 707 2718 Index
736 2693 863 2718 rerum
891 2681 1138 2723 notabilium.
1169 2687 1191 2719 i.
1212 2695 1249 2719 v.
1279 2687 1431 2730 positio
1459 2682 1652 2731 neglecta.

242 2731 363 2770 Van
392 2731 680 2774 Leeuwen.
711 2732 776 2771 o.l.
807 2747 844 2782 p.
880 2734 946 2772 101
981 2733 1150 2773 festive:
1182 2734 1282 2776 ..dea
1300 2734 1703 2785 '.³=50p031.*·4.''inquit.
1721 2733 1885 2776 ..abesse

187 2783 308 2822 debet
334 2784 385 2823 ab
413 2790 504 2834 ipso
533 2785 643 2834 quod
671 2791 861 2824 excitavit
888 2786 997 2825 bello
1025 2786 1219 2830 Troiano,
1250 2792 1283 2826 si
1310 2801 1385 2837 pro
1424 2788 1537 2827 brevi
1578 2788 1713 2826 haberi
1752 2792 1887 2835 nequit

187 2837 344 2886 syllaba
369 2837 529 2876 initialis
559 2843 642 2877 eius
670 2839 879 2877 nominis.''
