2159 3288
984 84 1058 125 161

172 219 406 268 praecipue
438 211 681 266 significare
713 211 855 258 deum.
890 219 962 265 qui
995 212 1108 254 mala
1140 211 1309 258 efficiat,
1351 227 1463 265 quae
1495 211 1648 254 eadem
1680 211 1871 255 inferunt

173 272 286 316 θεοί.
304 272 335 324 1)
856 290 863 295 ·

231 329 280 372 In
328 329 475 375 Iliade,
524 329 598 372 ubi
642 345 731 371 vox
775 345 816 383 q.
846 345 882 371 e.
934 332 1118 385 δαίμων,
1161 345 1345 372 numero
1377 328 1532 382 plurali
1565 334 1725 382 posita.
1759 329 1869 372 deos

171 395 400 432 universos
431 388 657 442 significat,
690 404 873 430 numero
905 389 1110 442 singulari
1143 398 1186 430 et
1218 388 1346 430 deum
1378 398 1541 430 certum
1559 397 1603 430 et
1619 394 1869 430 universum

171 463 332 490 numen
355 492 365 501 .
384 447 592 493 div1num‚
642 453 745 501 quin
785 454 915 489 etiam
949 454 1242 500 metonymice
1274 456 1482 501 usurpata
1514 449 1666 489 mortis
1697 453 1868 500 accepit

171 513 444 552 sententiam,
478 514 638 560 poetae
670 512 751 560 ipsi
783 512 906 549 vocis
939 522 1040 548 usus
1069 513 1258 548 incertus
1276 521 1369 548 esse
1387 506 1572 548 videtur.
1594 505 1642 548 In
1660 504 1871 559 Odyssea

170 566 377 620 singulari
424 575 591 608 tantum
639 581 821 607 numero
854 571 1010 618 posita.
1045 581 1133 607 vox
1166 581 1206 618 q.
1226 580 1263 607 e.
1299 567 1462 620 δαίμων
1496 571 1676 607 omnino
1709 580 1869 607 numen

171 623 366 667 divinum
398 624 469 666 vel
501 631 589 666 vim
621 624 813 666 divinam
847 623 1074 678 significat.
1093 623 1121 676 2)

230 681 529 736 Conspicuum
574 692 639 725 est
685 683 741 725 ad
788 682 1116 737 significandam
1164 681 1509 735 inexplicabilem
1553 688 1640 723 vim
1672 681 1867 724 divinam

171 748 438 796 aptissimam
485 757 579 784 esse
625 741 740 783 illam
785 744 985 797 δαίμονος
1032 748 1304 785 sententiam.
1354 756 1466 794 quae
1516 747 1696 783 omnino
1739 747 1869 783 certis

171 811 339 844 careret
386 800 554 846 finibus.
603 800 759 854 quibus
808 803 904 844 θεοί
950 800 1227 842 determinari
1260 800 1475 844 solebant.
1518 815 1702 852 quorum
1747 815 1868 842 suam

171 866 353 914 quisque
385 859 605 902 definitam
638 859 803 913 agebat
834 860 1131 913 personan1.3)
1165 858 1343 900 Arcana
1375 858 1445 900 illa
1477 864 1542 900 vis
1574 858 1736 904 divina,
1756 874 1869 911 quae

170 934 292 961 suam
309 924 465 972 cuique
482 928 644 960 sortem
660 924 883 971 assignare
901 917 1173 961 credebatur.
1190 923 1281 959 sive
1300 917 1462 959 bonam
1480 924 1571 959 sive
1590 918 1759 962 malam.
1779 933 1868 959 non

171 977 305 1020 modo
338 993 547 1019 summam
575 977 827 1030 religionem
861 976 937 1018 sed
955 983 1083 1018 etiam
1102 976 1330 1018 horrorem
1349 976 1566 1028 quendam
1583 976 1792 1018 movebat
1818 991 1869 1017 ac

223 1310 254 1356 1)
284 1308 348 1348 Cf.
380 1311 406 1345 Γ
442 1310 524 1347 164.

222 1362 438 1401 Menelaus
478 1361 673 1400 exclamat
718 1361 761 1411 [Γ
804 1361 923 1411 365]:
972 1363 1041 1396 Ζεῦ
1084 1365 1213 1409 πάτερ,
1256 1361 1293 1396 εὑ
1334 1374 1391 1403 τις
1430 1366 1504 1395 σεῖε
1535 1362 1637 1395 ,fraiv
1665 1362 1867 1408 ὀλοώτερος

169 1418 287 1456 ἄλλος
336 1414 401 1466 [cf.
447 1430 466 1451 υ
508 1415 613 1465 201].
657 1417 740 1451 Θεοι
783 1414 974 1452 malorum
1004 1421 1187 1451 auctores
1215 1421 1327 1450 sunt:
1359 1415 1387 1448 Z
1418 1413 1505 1450 349.
1552 1414 1583 1448 H
1614 1412 1702 1450 360.
1735 1415 1749 1448 I
1779 1412 1867 1453 245,

169 1469 258 1507 637.
303 1470 347 1504 M
379 1469 466 1506 234.
512 1471 536 1504 Ξ
567 1468 655 1506 464.
700 1472 732 1501 ()
762 1468 850 1505 473.
894 1470 925 1502 li
956 1467 1044 1504 693.
1090 1469 1114 1501 P
1145 1467 1232 1507 469,
1265 1466 1352 1504 688.
1396 1468 1425 1501 Σ
1457 1466 1492 1503 8.
1540 1467 1575 1500 T
1605 1465 1693 1503 410.
1745 1467 1775 1500 (p
1805 1466 1867 1506 47.

173 1522 256 1560 103.
300 1523 342 1557 Ω
374 1521 462 1563 526.
494 1521 581 1562 538.
610 1521 697 1559 547.

223 1589 245 1610 x
278 1574 363 1616 195,
395 1575 490 1616 234,·
514 1575 601 1615 244.
633 1574 721 1612 348.
767 1588 794 1620 γ
828 1574 915 1611 242.
963 1572 983 1608 δ”
1018 1573 1101 1612 181.
1134 1572 1221 1612 236.
1253 1572 1340 1612 351.
1371 1572 1459 1609 423.
1502 1585 1518 1607 ε
1551 1571 1632 1611 118.
1665 1571 1754 1612 221,
1778 1571 1867 1609 356.

169 1627 196 1675 ζ
223 1628 306 1665 174.
356 1641 377 1675 >5
409 1628 496 1665 242.
539 1626 569 1665 Ξ·
600 1627 686 1665 579.
733 1642 741 1662 ι
777 1626 833 1664 15.
879 1631 902 1662 7.
940 1626 1022 1666 101.
1059 1626 1142 1666 139.
1175 1625 1262 1666 276.
1295 1624 1381 1662 555.
1425 1622 1454 1660 Ξῖ
1490 1624 1572 1665 190.
1604 1624 1691 1661 419.
1730 1637 1748 1659 :a
1778 1624 1868 1661 317.

169 1680 195 1727 ξ
221 1681 284 1722 39.
315 1681 376 1722 61.
414 1681 497 1722 178.
531 1680 615 1721 198,
647 1680 733 1717 242.
796 1693 815 1727 ρ
848 1679 932 1716 119.
990 1692 1012 1714 σ
1047 1679 1131 1719 134.
1169 1678 1252 1718 180,
1285 1677 1371 1715 252.
1435 1691 1456 1713 τ
1491 1677 1574 1714 125.
1637 1690 1656 1712 υ
1686 1677 1748 1718 67.
1784 1676 1868 1717 195.

168 1734 255 1772 201.
296 1748 321 1780 φ
350 1733 432 1771 102.
476 1735 502 1778 φ
538 1734 595 1775 12,
626 1733 713 1773 210.
745 1733 831 1773 222.
863 1732 939 1770 352

221 1785 327 1825 Idem
371 1786 555 1825 dicuntur
599 1788 764 1834 δωτῆρες
807 1789 899 1822 :³³2ch
941 1783 986 1834 [L-
1014 1783 1122 1833 325].
1164 1791 1204 1820 ut
1234 1788 1349 1821 etiam
1381 1788 1419 1820 in
1449 1782 1687 1820 carminibus
1714 1781 1866 1823 indicis.

167 1853 269 1888 quae
298 1839 419 1878 Veda
447 1839 641 1880 dicuntur.
668 1840 722 1876 dii
748 1849 837 1876 sunt
867 1838 1050 1880 ..dataras
1078 1835 1281 1874 vasuam.''

222 1893 249 1941 2)
279 1884 589 1941 Campbe'll,
629 1906 666 1930 o.
700 1892 722 1929 l.
773 1906 810 1939 p.
842 1892 915 1929 94:
949 1890 1064 1932 ..The
1093 1889 1199 1927 truth
1229 1894 1272 1931 is.
1303 1888 1388 1926 that
1417 1894 1456 1926 in
1485 1888 1551 1926 the
1581 1886 1775 1936 Odyssey
1802 1887 1868 1925 the

166 1945 301 1983 divine
330 1951 464 1984 action
492 1951 524 1983 is
553 1945 717 1993 already
741 1944 852 1982 often
882 1943 1154 1993 generalised;
1185 1950 1256 1980 not
1286 1941 1384 1990 only
1413 1955 1479 1979 are
1507 1940 1610 1990 gods
1639 1940 1795 1989 spoken
1826 1939 1871 1978 of

165 2003 205 2036 in
248 1998 315 2036 the
355 1998 482 2047 plural
512 2012 621 2037 more
646 1997 871 2047 frequently
900 1997 995 2035 than
1023 2002 1063 2034 in
1092 1996 1158 2033 the
1188 1995 1308 2035 Iliad:
1340 1994 1410 2032 but
1442 1993 1573 2043 „god”
1605 2006 1651 2031 or
1682 2007 1729 2036 „a
1758 1993 1865 2042 god''

165 2057 204 2089 in
247 2051 315 2090 the
341 2051 516 2101 singular
544 2050 655 2090 often
685 2064 827 2089 occurs
856 2050 988 2088 where
1017 2054 1045 2087 it
1074 2054 1106 2086 is
1136 2053 1339 2086 uncertain
1368 2047 1476 2085 what
1505 2045 1727 2085 individual
1756 2046 1867 2095 deity

164 2109 198 2142 is
226 2109 265 2142 in
294 2104 518 2153 question.''

219 2158 248 2205 ³)
278 2156 342 2196 Cf.
392 2172 429 2206 p.
465 2158 548 2198 180.
578 2158 612 2195 5.
653 2155 890 2196 Finsler.
933 2168 970 2193 o.
1010 2154 1032 2192 1.
1064 2154 1107 2196 I,²
1135 2168 1173 2202 p.
1207 2154 1282 2192 230
1313 2167 1423 2202 sqq.;
1454 2167 1491 2201 p.
1521 2152 1624 2193 336:
1669 2150 1794 2200 ..Mag
1825 2164 1867 2189 es

164 2209 343 2248 einzelne
371 2209 646 2249 G6tterbilder
679 2209 859 2259 gegeben
889 2208 1031 2249 haben.
1061 2207 1133 2245 das
1162 2206 1251 2244 Bild
1280 2206 1349 2244 der
1366 2205 1523 2247 thter.
1543 2210 1619 2243 wie
1633 2204 1696 2243 die
1711 2210 1866 2253 spatere

163 2262 271 2301 hohe
300 2262 428 2301 Kunst
455 2269 511 2301 sie
541 2262 667 2304 schuf,
700 2262 767 2300 hat
796 2276 836 2300 er
864 2262 923 2299 ihr
950 2260 1297 2309 vorgezeichnet.''
1326 2272 1409 2308 sqq.

220 2315 626 2358 Wilamowitz‚
667 2315 718 2353 H.
764 2314 829 2356 U..
874 2329 911 2363 p.
950 2315 1050 2352 377:
1098 2313 1230 2354 ..nicht
1269 2312 1333 2350 die
1362 2317 1504 2361 gotter.
1536 2309 1646 2349 wohl
1674 2310 1770 2348 aber
1797 2309 1867 2348 der

164 2373 296 2418 gotter
323 2368 554 2418 lebendiges
582 2368 688 2407 kleid
719 2370 786 2406 hat
811 2368 883 2405 das
911 2380 1012 2415 epos
1040 2365 1279 2416 gewoben'’.
1308 2378 1392 2414 sqq.

218 2421 410 2471 Bergk.
455 2435 492 2460 ο.
537 2421 559 2459 1.
598 2436 635 2471 p.
679 2422 766 2460 878.
825 2420 1103 2460 Krocher.
1149 2432 1187 2457 o.
1231 2418 1253 2456 1.
1290 2432 1327 2466 p.
1364 2418 1421 2456 15.
1481 2415 1711 2458 Beloch.
1757 2429 1794 2454 o.
1840 2414 1862 2453 l.

163 2473 208 2516 12,
243 2476 274 2516 l.
304 2488 342 2523 p.
376 2475 459 2513 180.
519 2473 836 2523 Campbell.
883 2486 919 2511 0.
951 2473 973 2510 l.
1009 2487 1047 2521 p.
1084 2472 1145 2510 66.
1192 2471 1390 2511 Cauer.
1432 2468 1653 2511 Grundfr.².
1697 2482 1735 2517 p.
1773 2467 1878 2506 3434

164 2527 423 2569 Belzner.
469 2541 506 2566 o.
538 2526 563 2564 I.
593 2526 618 2569 Ι,
649 2541 686 2576 p.
717 2527 762 2565 91
797 2540 853 2575 sq.
898 2525 940 2563 In
980 2530 1292 2574 antiquissimam
1334 2524 1566 2572 religionem
1596 2522 1736 2560 eadem
1765 2521 1865 2560 haec

162 2585 262 2619 inter
295 2583 408 2621 θεοὺς
436 2588 474 2618 et
508 2582 688 2628 δαίμονας
724 2579 990 2627 discrepantia
1018 2578 1193 2616 valuisse
1221 2576 1389 2615 videtur.
1421 2575 1449 2614 S
1467 2590 1491 2614 a
1508 2589 1544 2613 m
1573 2574 1661 2613 Wi
1678 2575 1752 2616 de,
1785 2588 1821 2613 o.
1839 2573 1861 2611 l.

163 2644 200 2682 p.
235 2634 333 2672 174:
364 2632 606 2682 ..Schwierig
632 2638 682 2670 ist
710 2646 752 2670 es
781 2632 920 2673 auch.''
937 2637 1073 2680 inquit.
1095 2629 1188 2673 ..auf
1201 2635 1308 2668 einer
1321 2629 1471 2668 alteren
1492 2626 1605 2667 Stufe
1623 2627 1769 2667 G6tter
1784 2627 1863 2665 und

164 2685 380 2725 Damonen
410 2700 459 2724 zu
486 2694 662 2724 trennen.
707 2685 786 2723 Die
829 2684 1040 2722 Gotter
1065 2683 1154 2722 sind
1186 2681 1625 2723 individueller.
1671 2679 1862 2718 wahrend

163 2739 227 2778 bei
268 2740 346 2778 den
387 2739 558 2787 Damo
577 2753 601 2777 n
620 2752 682 2777 en
723 2738 786 2776 die
828 2737 1009 2786 Gattung
1048 2735 1310 2785 Hauptsache
1339 2741 1389 2773 ist
1413 2735 1495 2773 und
1523 2734 1615 2772 die
1644 2733 1776 2772 Pers
1794 2746 1862 2770 on

163 2806 181 2830 s
198 2806 219 2831 e
237 2793 262 2830 h
277 2807 294 2830 r
323 2807 360 2831 w
378 2806 399 2831 e
417 2806 442 2830 n
457 2797 468 2830 i
484 2806 507 2842 g
536 2791 764 2830 bedentet.''

208 2869 254 2904 T.
279 2870 313 2904 d.
339 2869 382 2903 R.
750 2870 754 2876 '
1774 2862 1808 2894 11
