2125 3288
1099 95 1153 135 28

336 222 422 265 Pro
466 238 578 265 voce
621 238 702 276 q.e.
747 225 909 278 δαίμων
944 223 1108 273 ,,ι()«εὸς”
1155 222 1353 264 subicere
1387 221 1498 264 solet
1531 220 1568 263 E
1587 238 1612 263 u
1632 231 1758 264 stat
1777 222 1927 264 hius.
1949 221 1977 275 ¹)

336 281 718 336 Pythagoreorum
752 291 794 322 et
827 280 1126 333 Orphicorum
1160 280 1361 323 doctrina
1394 290 1436 323 et
1453 287 1623 323 ratione
1638 280 1977 326 ductus,vocem

276 358 317 395 q.
337 357 372 382 e.
411 344 574 396 δαίμων
612 340 625 381 Ι
660 341 758 385 600,
795 356 835 392 p.
871 340 955 380 775
990 340 1097 394 μηδὲ
1133 359 1178 383 σε
1213 342 1371 395 δαίμων
1404 343 1406 393 j
1438 343 1626 383 ἐνταῦθα
1659 343 1826 396 τρέψειε
1857 342 1978 396 φίλος

274 407 429 452 accipit
463 407 504 441 in
549 405 820 442 sententiam,
871 413 983 451 quae
1032 397 1089 439 ab
1140 397 1412 440 Homero
1458 398 1650 440 funditus
1697 408 1762 440 est
1808 398 1975 440 aliena:

276 458 493 500 vocabula
525 461 685 512 Baium)
719 466 761 497 et
795 459 916 511 φίλος
942 462 1213 509 coniungens
1239 463 1298 498 sic
1318 457 1549 510 intellegit:
1570 460 1689 513 φίλων
1706 459 1829 512 ἦτορ,
1847 467 1978 510 atque

275 519 364 562 εἶδ’
387 521 505 567 ἴσως,
527 522 675 569 inquit,
699 518 857 570 ὃκίμων
890 517 1082 558 ἐνταῦθα
1115 518 1139 571 ἡ
1176 517 1286 571 ψυχὴ
1326 519 1440 559 κατὰ
1472 518 1571 565 τοὺς
1603 518 1778 570 ὕστερον
1800 519 1974 571 σόφους,

273 578 317 618 οἳ
346 579 524 630 &figitiva
559 575 635 616 καὶ
666 577 740 628 τὴν
773 576 813 615 ἐν
850 576 1025 629 ἑκάστῳ
1059 576 1277 629 ἀνθρώπῳ
1316 576 1448 629 ψυχὴν
1472 577 1634 629 ἔλεγον,
1657 576 1724 629 εἴη
1747 576 1794 617 ἂν
1814 576 1971 630 λέγων,

281 637 338 684 ὡς
375 636 481 690 μηδὲ
515 637 539 689 ἡ
577 635 686 689 ψυχή
725 651 800 674 σου
834 634 1022 674 ἐνταῦθα
1055 634 1206 688 τρέψῃ,
1245 648 1339 685 sqq.
1376 632 1502 674 Haec
1540 631 1713 686 quidem
1749 632 1975 674 hactenus.

334 721 419 762 Hic
452 736 504 762 ea
535 735 712 772 quoque
745 734 1091 761 commemorare
1136 719 1274 765 liceat,
1322 735 1434 772 quae
1481 718 1734 762 Thesaurus
1782 719 1977 774 Linguae

273 779 486 824 Graecae,
506 778 687 820 confuse
720 794 824 820 sane
856 785 1029 832 scripta,
1064 777 1189 820 affert
1221 785 1293 820 i.v.
1328 779 1497 835 Δαίμων
1530 778 1600 824 [II.
1631 779 1713 821 col.
1733 780 1818 821 860
1835 785 1976 833 sqq.];

273 854 384 891 quae
419 848 564 879 tamen
597 837 799 891 longiora
832 853 960 891 quam
990 846 1038 879 ut
1070 837 1154 880 hoc
1188 837 1287 879 loco
1320 844 1491 892 integra
1524 837 1785 880 referantur.
1821 837 1977 881 Multis

271 912 322 938 ac
367 903 497 938 variis
548 896 939 949 significationibus
985 896 1222 950 iisdemque
1270 903 1443 939 incertis
1489 896 1629 939 allatis
1681 897 1822 950 probe
1869 897 1977 939 haec

271 956 472 997 dicuntur
522 954 619 1008 [col.
669 954 801 1009 862]:
854 955 966 1002 „Sed
1015 971 1105 1002 eos,
1153 962 1225 1009 qui
1272 955 1326 998 de
1372 962 1546 998 numine
1590 962 1712 997 varie
1739 965 1781 998 et
1812 963 1977 998 incerte

272 1024 510 1060 senserunt,
530 1021 652 1056 varie
670 1014 818 1056 itidem
837 1014 891 1056 de
910 1031 963 1057 eo
988 1014 1160 1057 locutos
1193 1030 1286 1057 esse
1320 1021 1473 1057 mirum
1506 1014 1646 1057 videri
1679 1031 1768 1057 non
1801 1014 1976 1058 debet.''

331 1095 455 1138 Haec
487 1103 766 1150 antiquorum
800 1103 1061 1142 testimonia,
1096 1113 1281 1150 quorum
1315 1097 1399 1139 alia
1433 1113 1484 1140 ex
1516 1096 1610 1139 aliis
1642 1097 1835 1150 pendere
1853 1097 1976 1140 vide—

271 1165 431 1200 aantur,
452 1154 481 1209 2)
516 1171 668 1209 parum
701 1155 851 1197 valere
884 1172 1016 1210 aegre
1050 1156 1239 1198 ferimus.

332 1213 640 1256 Recentiorum
702 1214 757 1256 de
801 1230 914 1257 voce
964 1217 1122 1270 δαίμων
1168 1215 1323 1257 iudicia
1380 1231 1476 1257 cum
1525 1224 1647 1257 tanta
1695 1215 1977 1269 suppeditent

269 1273 470 1315 ubertate
504 1284 549 1316 ut
583 1280 730 1315 omnia
762 1280 863 1327 ipsis
896 1274 1043 1317 verbis
1077 1273 1261 1316 reddere
1288 1290 1377 1316 non
1410 1290 1581 1327 queam,
1615 1290 1668 1316 ea
1701 1281 1974 1328 potissimum

270 1348 493 1385 exponere
546 1332 648 1374 mihi
697 1340 922 1386 proposui,
982 1349 1095 1387 quae
1145 1340 1321 1375 maioris
1369 1340 1576 1375 momenti
1624 1343 1723 1375 sunt
1770 1333 1977 1375 habenda

269 1401 401 1445 atque
435 1398 852 1434 commemoratione
883 1408 989 1446 prae
1021 1399 1176 1434 ceteris
1208 1392 1353 1446 digna.

330 1450 539 1504 Imprimis
596 1451 732 1493 affero
786 1467 849 1497 ea,
891 1467 1004 1505 quae
1052 1458 1252 1505 exposuit
1299 1450 1563 1492 Nitzsch
1610 1457 1652 1492 in
1700 1450 1976 1504 praefatione

270 1516 428 1562 operis,
476 1510 596 1563 quod
642 1510 888 1552 inscribitur
938 1509 1237 1558 „Erklarende
1285 1509 1631 1564 Anmerkunqen
1679 1525 1729 1552 zu
1771 1509 1979 1552 Homer's

271 1567 502 1622 Odyssee''
541 1568 704 1623 [1826]
725 1586 766 1622 p.
798 1568 939 1611 XIV:
977 1569 1099 1616 „Der
1133 1568 1457 1624 Po1ytheismus
1490 1569 1681 1611 schreibt
1714 1584 1863 1611 ausser
1885 1569 1975 1611 und

270 1628 378 1670 iiber
409 1628 507 1670 dem
542 1628 863 1671 menschlichen
896 1628 1157 1682 Vermoqen
1189 1628 1389 1683 lieqende
1408 1627 1887 1682 Krafterscheinunqen
1907 1661 1914 1670 .
1937 1662 1944 1674 ,
1967 1662 1975 1670 .

268 1694 482 1741 gewissen
529 1687 726 1730 hoheren
773 1687 948 1730 Wesen
995 1704 1046 1730 zu
1094 1689 1156 1730 als
1204 1688 1341 1730 deren
1378 1686 1693 1741 Wirkunqem
1727 1687 1826 1730 dem
1862 1686 1977 1729 Pan—

267 1746 494 1788 -theismus
526 1746 645 1793 aber,
664 1754 747 1789 wie
779 1747 847 1789 ich
880 1747 954 1789 ihn
987 1747 1078 1789 hier
1111 1747 1238 1792 fasse,
1272 1753 1327 1789 ist
1359 1746 1458 1800 jede
1490 1746 1639 1789 solche
1674 1745 1977 1801 Erscheinung

268 1805 403 1848 selbst
435 1812 502 1847 ein
551 1805 675 1851 Gott,
725 1806 834 1849 oder
884 1806 1033 1848 besser
1076 1813 1144 1848 ein
1179 1805 1381 1852 Damom
1415 1805 1532 1847 denn
1567 1809 1670 1857 θεὸς
1704 1811 1865 1859 mogen
1897 1812 1977 1848 wir

268 1864 347 1906 das
393 1864 533 1907 Wort
577 1865 653 1907 des
687 1864 1024 1918 Polytheismus,
1072 1867 1233 1922 δαίμων
1277 1865 1355 1908 das
1388 1864 1530 1908 Wort
1562 1864 1638 1907 des
1672 1864 1976 1908 Pantheismus

269 1940 457 1966 nennen.
508 1923 600 1966 Der
648 1923 953 1967 Pantheismus
997 1924 1198 1971 namlich,
1241 1924 1327 1967 den
1359 1924 1428 1966 ich
1462 1931 1505 1966 in
1537 1924 1615 1967 der
1647 1923 1977 1966 Griechenwelt

268 1982 395 2028 finde,
444 1992 550 2026 setzt
584 1983 701 2026 nicht
734 1991 862 2026 einen
894 1983 1150 2038 Weltqeist,
1185 1983 1261 2026 der
1291 1991 1334 2026 in
1364 1983 1477 2025 allen
1510 1982 1740 2026 Gesta1ten
1772 1983 1974 2026 derselbe

268 2048 333 2088 ist,
383 2042 472 2084 und
518 2049 646 2085 weiss
678 2043 818 2086 nichts
851 2059 943 2085 von
979 2041 1259 2089 EmanatIOn,
1294 2043 1486 2085 sondern
1519 2059 1565 2085 er
1597 2042 1709 2085 sieht
1742 2042 1812 2085 die
1846 2042 1976 2086 Welt

268 2101 358 2143 voll
391 2100 653 2155 Geister.''⁸)

324 2183 351 2230 1)
382 2181 445 2220 Cf.
463 2182 514 2219 ad
542 2182 580 2219 Il.
604 2182 643 2220 H
672 2183 761 2224 291,
791 2197 828 2230 p.
849 2183 937 2220 648.
970 2182 1001 2220 P
1018 2183 1081 2225 98,
1113 2197 1150 2231 p.
1175 2183 1286 2221 1097.
1317 2182 1355 2220 T
1381 2183 1471 2224 ⁴188,
1490 2197 1527 2231 p.
1553 2183 1662 2220 1179.
1686 2182 1737 2220 ad
1754 2181 1973 2224 Od.1381.

269 2248 306 2283 p.
343 2235 451 2272 1635.
486 2235 510 2281 ξ
533 2235 621 2277 386,
654 2250 690 2284 p.
728 2236 837 2274 1765.
869 2250 884 2272 0
915 2236 1005 2277 261,
1036 2250 1074 2285 p.
1110 2236 1221 2274 1781.
1254 2236 1385 2278 7r194‚
1417 2250 1454 2285 p.
1477 2235 1586 2273 1805.
1619 2250 1638 2285 ρ
1669 2236 1756 2277 243,
1788 2249 1825 2284 p.
1863 2236 1972 2273 1819.

270 2302 292 2323 τ
325 2288 408 2325 138.
440 2302 476 2336 p.
515 2288 624 2326 1858.
656 2304 675 2335 ῳ
706 2289 794 2331 201,
826 2303 864 2337 p.
900 2289 1011 2327 1906.

321 2340 348 2389 Γ3)
390 2340 431 2378 In
474 2341 738 2380 Pollucis
780 2341 913 2380 fontes
942 2341 1163 2380 referuntur
1191 2341 1481 2391 Didymus,
1511 2340 1798 2390 Tryphon,
1834 2341 1974 2379 Pam-

269 2393 498 2440 —philus‚
538 2394 684 2443 Iuba.
718 2394 760 2433 In
798 2395 1106 2443 Hesychii:
1151 2394 1572 2444 Dioqenianus,
1621 2394 1972 2442 Pamphilus,

269 2445 469 2495 Apion.
501 2447 874 2495 Apollonius.
907 2448 970 2486 Et.
1002 2448 1062 2486 M.
1093 2448 1144 2486 ab
1176 2447 1491 2486 Eustathio
1520 2447 1713 2486 laudatur.
1755 2447 1819 2486 De
1851 2447 1972 2486 Thes.

270 2498 312 2537 L.
344 2498 412 2537 Gr.
439 2500 518 2537 vid.
551 2500 670 2538 Coh
689 2515 725 2542 n,
756 2501 834 2540 o.l.
866 2515 903 2550 p.
935 2502 1024 2540 709.

323 2553 350 2600 ³)
381 2552 657 2591 Pantheismus
686 2554 750 2592 ille
777 2554 840 2593 hic
867 2560 1003 2604 potius
1031 2555 1411 2604 pandaemonismus
1443 2554 1508 2592 vel
1537 2559 1765 2592 animismus
1782 2553 1974 2592 dicendus

268 2613 338 2646 est,
366 2611 397 2643 si
426 2606 583 2654 quidem
614 2606 653 2643 N
671 2612 682 2644 i
697 2615 711 2644 t
729 2621 749 2645 z
768 2621 785 2645 s
801 2622 821 2645 c
837 2608 861 2645 h
880 2613 891 2645 i
906 2623 930 2645 u
948 2622 985 2645 m
1013 2616 1120 2646 recte
1137 2607 1327 2657 intellego
1343 2622 1351 2650 ;
1369 2612 1479 2646 cuius
1494 2612 1690 2646 sententia
1707 2606 1972 2656 philosophis,

267 2663 333 2707 qui
356 2664 549 2697 animismi
578 2659 810 2708 disciplinae
840 2660 989 2703 favent,
1021 2675 1203 2710 magnam
1219 2661 1269 2699 ad
1284 2666 1517 2710 opinionem
1534 2674 1644 2699 suam
1662 2659 1972 2699 confirmandam

267 2711 336 2749 dat
379 2726 526 2750 ansam.
574 2711 637 2750 Cf.
683 2712 722 2750 D
738 2727 758 2750 e
801 2713 970 2752 Visse
986 2728 1014 2755 r,
1061 2714 1126 2752 De
1166 2713 1415 2753 Graecorum
1458 2713 1548 2752 Diis
1588 2727 1671 2752 non
1713 2712 1973 2751 referentibus

267 2770 439 2813 speciem
483 2766 706 2807 humanam,
756 2766 879 2815 [Diss.
923 2766 1107 2816 Lugduni
1153 2767 1294 2805 Batav.
1345 2767 1474 2817 1900].
1516 2766 1554 2804 T
1570 2766 1704 2816 ylor,
1746 2765 1771 2808 I,
1814 2779 1851 2815 p.
1894 2766 1970 2803 417

268 2831 353 2867 sqq.
385 2826 423 2856 et
453 2817 495 2857 II.
528 2818 636 2856 Vide
666 2817 766 2857 infra
795 2833 831 2868 p.
863 2819 925 2861 35,
958 2821 991 2857 2.
