2159 3288
1035 86 1114 127 211

285 214 505 269 Apparuit
551 229 686 257 voces
733 229 811 267 q.s.
860 216 1023 269 δαίμων
1058 223 1102 257 et
1132 217 1233 265 θεός
1266 213 1384 267 'apud
1433 213 1764 256 Homerum
1813 229 1924 256 non-

227 273 373 317 -nullis
403 273 510 316 locis
540 289 631 316 non
662 272 776 315 idem
809 273 1078 327 significare:
1112 272 1271 315 multos
1298 281 1445 315 tamen
1478 287 1572 315 esse
1604 272 1738 318 locos,
1769 272 1925 327 quibus

229 336 386 388 δαίμων
436 342 478 374 et
523 335 622 383 θεός
672 332 790 374 nullo
837 332 1083 374 discrimine
1128 331 1446 374 adhibeantur:
1480 337 1524 373 in
1572 338 1774 374 oratione
1806 341 1924 374 recta

226 401 456 445 utramque
510 406 666 433 vocem
727 397 971 445 promiscue
1016 397 1242 445 usurpari;
1290 397 1480 444 poetam,
1529 396 1602 443 qui
1649 390 1757 433 deos
1802 399 1924 433 certo

225 456 402 493 nomine
444 465 699 504 nuncupare
733 449 884 495 soleat,
917 450 1145 503 aliquoties
1177 449 1234 491 ab
1266 456 1425 492 usitata
1455 449 1771 492 consuetudine
1802 464 1924 492 rece—

226 509 364 555 -dere‚
411 524 465 551 eo
498 508 619 563 quod
651 515 742 551 sive
774 508 1006 562 analogiae
1039 515 1254 551 rationem
1287 517 1470 553 secutus,
1505 514 1596 550 sive
1629 514 1752 550 metri
1783 508 1924 562 legem

226 568 484 613 observans.
533 583 688 610 vocem
737 583 819 621 q.e.
869 569 1035 624 δαίμων
1082 567 1291 610 adhibeat
1326 592 1376 604 ,-
1411 576 1457 609 ut
1490 573 1620 609 etiam
1652 582 1808 609 vocem
1841 581 1923 620 q.e.

227 630 329 678 θεὸς
361 651 411 663 ι-
440 627 497 669 ad
530 642 690 669 numen
721 626 917 668 divinum
950 625 1308 680 significandum:
1343 625 1561 668 nonnullis
1592 625 1700 668 locis
1734 624 1788 679 [O
1822 626 1923 668 468.

228 689 273 729 Ψ
305 687 402 728 595.
452 689 474 730 δ
508 686 606 728 275.
655 693 680 728 λ
713 686 785 737 61]
828 691 950 727 vocis
998 701 1080 738 q.e.
1119 688 1284 741 δαίμων
1332 701 1454 727 usum
1499 700 1522 726 e
1554 691 1713 738 poetae
1746 684 1924 727 libidine

227 744 445 798 pendere:
479 744 652 798 reliquis
684 744 801 789 locis,
836 759 859 786 e
892 743 1048 797 quibus
1080 751 1218 786 maior
1251 759 1351 798 pars
1383 750 1425 786 in
1458 741 1666 796 Odyssea
1691 750 1922 790 invenitur,

226 809 484 846 nominativi
516 810 769 857 praesertim
801 802 1028 857 singularis
1060 819 1182 845 usum
1217 819 1239 845 e
1272 812 1413 845 metro
1445 802 1636 856 pendere
1667 809 1763 845 veri
1795 801 1925 845 simil-

226 863 393 905 -limum
427 877 535 905 esse.
571 861 618 904 In
651 860 858 915 Odyssea
890 868 1206 904 nominativum
1235 861 1497 916 singularem
1516 862 1693 917 δαίμων,
1712 867 1754 903 in
1772 861 1923 904 ultimo

227 921 340 975 pede
373 928 578 975 positum,
612 927 655 962 in
687 921 871 963 formam
905 927 1028 962 metri
1061 920 1186 962 fixam
1220 920 1377 962 abiisse
1409 920 1546 962 videri
1567 936 1575 965 ;
1599 920 1626 973 1)
1659 935 1922 974 quamquam

225 980 367 1022 multis
399 979 505 1022 locis
532 986 656 1023 metri
686 986 752 1021 vis
785 986 930 1033 magni
948 985 1001 1021 sit
1019 979 1300 1024 aestimanda,
1320 979 1388 1021 hic
1411 989 1555 1021 tamen
1573 986 1750 1033 poetam
1767 994 1922 1021 vocem

226 1055 309 1092 q.e.
359 1042 524 1096 δαίμων
574 1038 825 1080 adhibuisse
871 1044 994 1080 metri
1028 1038 1123 1092 lege
1156 1048 1369 1084 coactum,
1403 1037 1578 1080 definite
1610 1047 1802 1080 statuere
1834 1053 1923 1080 non

226 1099 367 1140 licere.

282 1213 347 1256 Ex
396 1213 622 1257 Homerici
670 1229 771 1257 usus
818 1220 1070 1259 imitatione,
1117 1229 1203 1266 qua
1252 1229 1380 1255 nemo
1429 1213 1519 1255 fere
1563 1220 1695 1267 poeta
1728 1212 1923 1256 Graecus

224 1289 402 1327 prorsus
448 1283 590 1319 vacet,
640 1272 806 1315 fluxisse
838 1279 960 1315 vocis
1002 1274 1194 1328 δχίμονος
1230 1288 1352 1314 usum
1385 1278 1428 1314 in
1459 1272 1629 1325 hymnis
1663 1271 1922 1319 Homericis,

226 1339 297 1374 vix
331 1342 395 1375 est
427 1332 548 1386 quod
581 1332 734 1374 dicam.
753 1332 781 1384 2)

286 1390 334 1433 In
367 1391 539 1445 hymnis
573 1390 821 1433 Homericis
857 1389 940 1443 [ed.
975 1389 1175 1442 Allen]
1210 1396 1333 1432 vocis
1366 1405 1447 1443 q.e.
1484 1392 1649 1445 δαίμων

225 1466 340 1492 nom.
373 1456 483 1504 sing.
515 1451 671 1505 legitur
703 1457 745 1492 in
778 1456 900 1492 initio
933 1465 1084 1491 versus
1116 1464 1205 1491 uno
1238 1448 1364 1491 loco:
1400 1449 1440 1490 h.
1474 1455 1516 1490 in
1551 1448 1656 1490 Pan.
1679 1447 1832 1501 [XIXL
1867 1449 1921 1490 22

1035 1509 1192 1563 δαίμων
1227 1510 1261 1551 δ’
1297 1510 1405 1551 ἔνθα
1436 1509 1508 1552 καὶ
1540 1512 1651 1553 ἔνθα.
1684 1512 1824 1564 χορῶν
1857 1523 1921 1561 sq.
1948 1527 1949 1530 ¹

712 1602 733 1615 „
784 1574 899 1610 exitu
932 1582 1084 1608 versus
1118 1566 1254 1609 tribus
1286 1566 1418 1609 locis:

897 1625 938 1667 h.
972 1632 1014 1667 in
1048 1625 1192 1667 Mete.
1231 1624 1348 1679 [IV],
1390 1626 1496 1667 138:
1530 1629 1657 1682 ἤνυσε
1693 1627 1858 1680 δαίμων

900 1684 940 1726 h.
975 1691 1017 1725 in
1052 1683 1209 1726 Bacch.
1242 1683 1379 1737 [VIIL
1415 1686 1464 1726 31
1493 1703 1499 1725 :
1534 1688 1696 1742 ἔμβαλε
1730 1687 1890 1739 δαίμων

898 1743 938 1785 h.
972 1750 1014 1785 in
1048 1742 1154 1785 Pan.
1208 1742 1364 1796 [XIX].
1416 1745 1499 1784 41:
1534 1744 1922 1799 περιώσιαδαίμων

223 1813 368 1858 genet.
402 1809 510 1858 sing.
544 1803 701 1858 legitur
734 1810 775 1845 in
809 1809 963 1856 quinto
996 1802 1107 1856 pede
1140 1802 1314 1845 duobus
1346 1804 1471 1844 locis:

907 1862 947 1902 h.
981 1868 1023 1902 in
1058 1861 1200 1903 IVIerc.
1238 1859 1352 1914 [IV]‚
1388 1862 1500 1903 343:
1537 1864 1734 1916 δαίμονος
1768 1864 1874 1916 ἔργα.

908 1920 949 1962 h.
984 1927 1025 1962 in
1059 1919 1160 1962 Cer.
1197 1919 1282 1974 [Ill.
1317 1921 1429 1963 300:
1538 1922 1737 1975 δαίμονος
1776 1922 1877 1976 αἴσῃ

221 1979 310 2022 dat.
345 1987 454 2035 sing.
489 1980 645 2034 legitur
677 1987 720 2022 in
753 1986 906 2033 quinto
941 1979 1052 2033 pede
1086 1995 1174 2021 uno
1207 1980 1330 2022 loco:

909 2038 950 2079 h.
984 2045 1027 2079 in
1060 2036 1162 2080 Cer.
1199 2037 1288 2090 [ΙΙ],
1324 2039 1436 2079 235:
1535 2039 1706 2093 δαίμονι
1738 2039 1830 2087 ἶσος

222 2113 320 2141 voc.
355 2105 463 2152 sing.
498 2098 655 2152 legitur
687 2105 728 2140 in
763 2097 914 2139 ultimo
948 2096 1060 2151 pede
1093 2097 1266 2139 duobus
1298 2096 1430 2139 locis:
1784 2109 1787 2111 ·

905 2156 945 2197 h.
980 2163 1022 2197 in
1057 2155 1199 2198 Merc.
1236 2154 1350 2208 [IV]‚
1384 2156 1461 2197 551
1490 2173 1496 2196 :
1534 2157 1710 2211 ἐριούνιε
1736 2153 1921 2210 δαῖμονΒ)

568 2215 609 2257 h.
644 2222 686 2257 in
720 2215 937 2269 Magnam
972 2214 1167 2257 Matrem
1204 2213 1382 2267 [XXX]‚
1423 2215 1500 2256 16:
1538 2218 1704 2270 ἄφθονε
1737 2216 1890 2270 δαῖμον

224 2290 340 2317 nom.
375 2274 484 2329 plur.
517 2274 674 2329 legitur
707 2281 748 2316 in
781 2281 935 2327 quinto
969 2274 1081 2327 pede
1113 2289 1202 2316 uno
1235 2273 1361 2315 loco:

903 2333 944 2374 h.
977 2339 1021 2374 in
1053 2331 1140 2386 Ap.
1177 2331 1284 2386 [1111.
1324 2333 1401 2373 ll:
1537 2334 1731 2387 δαίμονες
1768 2333 1891 2374 ἄλλοι

221 2407 312 2435 acc.
346 2392 456 2446 plur.
490 2392 645 2447 legitur
678 2399 720 2434 in
754 2401 912 2446 quarto
946 2391 1059 2445 pede
1093 2407 1181 2433 uno
1214 2391 1341 2433 loco:

485 2451 527 2493 h.
561 2458 604 2493 in
635 2449 735 2494 Cer.
773 2450 858 2504 [Ill.
892 2451 1004 2492 338:
1039 2453 1078 2501 ἐς
1114 2454 1219 2506 φάος
1254 2452 1460 2506 ἐξαγάγοι
1494 2452 1600 2506 μετὰ
1633 2450 1839 2505 δαίμονας
1856 2464 1918 2501 sq.

222 2525 312 2552 acc.
347 2509 456 2564 plur.
490 2511 647 2564 legitur
679 2517 721 2552 in
755 2517 908 2563 quinto
942 2509 1054 2561 pede
1086 2525 1175 2551 uno
1209 2509 1336 2551 loco:

587 2570 591 2572 ’
785 2568 826 2610 h.
861 2576 903 2610 in
938 2567 1082 2611 Merc.
1118 2567 1233 2621 [IV],
1270 2568 1382 2609 381:
1420 2569 1493 2610 καὶ
1527 2569 1728 2622 δαίμονας
1764 2570 1917 2616 ἄλλους

277 2704 304 2751 1)
335 2701 400 2741 Cf.
425 2701 562 2740 Fins
583 2702 679 2744 ler,
710 2701 775 2740 o.l.
806 2701 850 2744 12,
880 2716 918 2749 p.
949 2702 1036 2740 319.

273 2755 302 2803 2)
332 2755 429 2793 Vid.
457 2769 576 2805 supra
602 2769 639 2804 p.
674 2755 745 2793 165
775 2768 831 2804 sq.
860 2753 924 2793 Cf.
956 2754 1158 2796 Witte.
1188 2753 1296 2803 Sinq.
1327 2768 1363 2792 u.
1394 2752 1512 2796 Plur„
1542 2767 1580 2802 p.
1615 2753 1698 2791 168.

276 2808 304 2857 3)
334 2807 398 2847 Cf.
430 2822 549 2858 supra
576 2823 614 2858 p.
649 2809 773 2851 1882.
