2159 3288
889 526 1263 579 THESES.

1062 676 1091 718 1.

281 793 519 838 Vocabula
565 810 643 848 q.s.
693 796 857 850 δαίμων
906 803 950 836 et
998 797 1096 845 θεὸς
1144 794 1262 847 apud
1303 794 1631 837 Homerum
1678 800 1923 848 promiscue

225 861 490 908 usurpantur
521 853 577 896 ad
609 853 940 907 significandum
974 862 1016 896 et
1048 852 1177 895 deum
1211 853 1444 906 quendam,
1479 860 1551 907 qui
1585 860 1680 907 quis
1713 860 1766 895 sit
1797 860 1924 908 igno-

225 922 379 959 -retur,
413 921 458 955 et
488 919 739 955 universum
772 928 932 955 numen
964 911 1173 954 divinum.
1202 911 1308 954 Vox
1325 928 1405 965 q.e.
1430 916 1527 963 θεός
1546 921 1778 965 praeterea
1794 912 1923 955 deum

224 981 342 1014 certa
388 970 526 1026 figura
572 978 942 1026 circumscriptum
990 971 1216 1025 significat,
1259 971 1302 1012 id
1345 971 1465 1024 quod
1499 974 1659 1028 δκίμων
1694 977 1923 1025 perpaucis

225 1029 438 1085 significat
467 1030 586 1073 locis.

1045 1158 1097 1200 ΙΙ.

282 1280 458 1333 Δαίμων
502 1283 545 1319 in
592 1275 801 1330 Odyssea
848 1276 944 1330 plus
991 1292 1120 1329 quam
1169 1282 1211 1317 in
1262 1275 1393 1318 Iliade
1441 1282 1568 1318 certis
1601 1285 1721 1318 caret
1752 1275 1921 1322 finibus,

223 1343 401 1390 eiusque
434 1346 591 1379 natura
623 1343 665 1378 in
697 1336 770 1378 illo
803 1342 994 1378 carmine
1027 1335 1182 1377 latiore
1216 1341 1432 1377 sententia
1465 1344 1530 1377 est
1563 1334 1869 1389 intellegenda.

1040 1463 1114 1507 111.

282 1570 419 1624 Apud
464 1569 507 1612 H
527 1586 789 1614 omerum
823 1577 1004 1624 propria
1036 1571 1232 1627 δαίμονος
1269 1580 1425 1612 natura
1458 1568 1706 1612 hominibus
1737 1585 1826 1612 non
1860 1578 1925 1612 est

224 1629 407 1672 infensa.

1037 1757 1116 1800 IV.

282 1863 423 1907 Vocis
454 1880 536 1918 q.e.
570 1865 730 1921 δαίμων
766 1871 853 1907 vim
882 1871 1058 1918 proprie
1087 1864 1216 1907 fuisse
1234 1870 1453 1918 passivam
1473 1879 1494 1906 e
1512 1863 1774 1906 carminibus
1792 1869 1925 1916 epicis

225 1939 315 1966 non
346 1933 545 1978 apparet.

1043 2051 1103 2093 V.

284 2156 407 2204 Quid
453 2165 633 2213 proprie
681 2165 795 2200 inter
842 2159 1020 2213 δαίμονα.
1062 2166 1105 2199 et
1148 2159 1248 2201 θεόν
1288 2163 1457 2199 intersit
1501 2171 1552 2198 ex
1584 2155 1812 2198 adiectivis
1844 2171 1922 2209 q.s.

225 2218 440 2273 δαιμόνιος
476 2226 519 2260 et
551 2222 674 2269 θεῖος
707 2224 818 2260 inter
851 2232 896 2259 se
929 2222 1195 2270 comparatis
1228 2222 1505 2269 perspicuum
1538 2214 1596 2256 fit.

1033 2355 1114 2398 VI.

283 2466 498 2519 Δαίμονας
546 2470 725 2518 proprie
766 2463 896 2505 fuisse
942 2471 1213 2504 mortuorum
1256 2467 1422 2504 animas
1454 2467 1646 2504 carmina
1677 2467 1802 2514 epica
1834 2476 1924 2503 non

225 2521 399 2565 docent.

1021 2648 1126 2691 VII.

283 2755 459 2800 Vocem
491 2772 574 2810 q.e.
607 2757 768 2812 δαίμων
801 2755 944 2798 multis
975 2761 1199 2809 epicorum
1232 2760 1470 2798 carminum
1502 2753 1609 2797 locis
1641 2759 1765 2796 metri
1792 2768 1923 2796 causa

226 2825 481 2870 usurpatam
513 2831 608 2858 esse
639 2821 732 2858 veri
764 2815 1022 2857 simillimum
1055 2823 1133 2857 est.

272 2897 318 2931 T.
343 2897 378 2932 d.
403 2896 435 2932 R
1834 2893 1876 2928 16
