2125 3288
1113 70 1139 110 6

331 198 524 241 Morbos
542 208 769 252 praeterea
786 214 811 239 a
830 204 988 251 quovis
1006 197 1090 239 deo
1112 197 1220 239 effici
1239 213 1366 250 posse
1384 204 1495 239 inter
1513 214 1665 240 omnes
1682 198 1926 240 constabat.
1947 198 1971 249 ¹)

275 257 471 299 Numina
503 258 585 302 illa
618 257 870 299 morborum
902 266 1116 301 auctores
1149 266 1191 298 et
1225 259 1413 312 δαίμονες
1450 266 1493 298 et
1543 262 1592 299 ὓε
1598 259 1635 300 οἱ
1682 256 1970 310 appellantur.

275 316 336 358 At
355 323 483 358 etiam
517 323 629 358 inter
661 332 706 357 se
740 323 1025 369 opponuntur
1043 317 1199 369 &Apum
1221 320 1302 357 et&
1283 319 1403 365 εός;
1415 314 1553 367 3.)οἀ
1576 313 1658 368 [ed.
1694 314 1972 357 Ludwich

277 374 436 428 (1889)]
475 393 493 416 ε
525 375 608 416 394
642 390 735 427 sqq.
770 381 811 414 in
844 380 1174 426 comparatione
1208 373 1314 416 haec
1348 374 1572 427 leguntur:

422 436 475 484 ὡς
512 436 546 477 δ’
583 435 643 476 ὅτ’
687 435 731 474 ἂν
767 435 975 481 ἀσπάσιος
1013 433 1151 488 βίοτος
1187 434 1385 475 πκίδεσσι
1422 435 1559 488 φανήῃ

419 496 589 547 πατρός,
628 494 667 541 ὃς
704 493 744 533 ἐν
777 492 915 545 νούσῳ
954 495 1094 534 κεῖται
1130 492 1298 545 κρατέρ’
1337 495 1476 547 ἄλγεσι
1509 495 1700 547 πάσχων,

418 554 540 606 δηρὸν
575 553 820 605 τηκόμενος,
857 552 1059 604 στυγερὸς
1095 551 1141 592 δέ
1175 551 1213 591 οἱ
1245 553 1371 605 ἔχραε
1406 551 1631 605 δαίμων,

419 612 624 652 ἀσπάσιον
662 610 696 650 δ’
734 611 815 662 ἄρα
847 610 915 650 τόν
953 626 1001 663 γε
1035 608 1162 650 θεοὶ
1198 611 1439 662 κακότητος
1473 611 1646 653 ἔλυσαν,

278 677 319 709 et
354 666 560 719 Eurip.
613 664 862 718 [Nauck]
898 665 990 711 Ion,
1030 667 1161 707 1372:
1197 668 1252 709 τὰ
1284 670 1361 709 τοῦ
1412 671 1558 709 θεοῦ
1604 669 1675 720 μὲν
1719 669 1972 723 χρηστά,

278 730 373 769 τοῦ
420 728 471 768 δὲ
517 727 781 780 δαίμονος
833 727 1036 780 βαρέα.
1085 723 1350 769 Aristot..
1400 724 1453 765 de
1487 724 1619 766 divin.
1654 741 1731 778 per
1763 740 1975 769 somnum,

279 786 316 829 2,
345 785 430 825 463
461 783 488 825 b
524 785 591 824 15:
622 786 646 839 ἡ
681 786 764 839 γὰρ
804 785 922 837 φύσις
958 786 1249 838 δαιμονία,
1283 785 1379 826 ἀλλ’
1414 785 1466 827 οὐ
1500 785 1643 827 θεία.
1678 782 1823 825 Plut.
1857 782 1975 836 Sept.

278 842 379 896 Sap.
415 841 561 884 Conv.
597 858 637 895 p.
679 844 757 884 153
786 841 854 884 A:
901 844 954 886 Τί
988 844 1461 897 ,ὠφελιμώτατονς
1501 845 1644 893 θεός.
1678 844 1731 885 Τί
1766 848 1916 899 βλαβ
1937 861 1977 885 ε-

282 921 320 957 -ρ
342 905 374 944 ὠ
396 920 418 943 τ
434 922 458 945 οι
475 921 497 945 τ
517 920 537 944 ο
551 920 571 943 ν
591 918 598 955 ;
634 905 655 944 δ
677 922 700 945 7.
719 903 729 942 ί
747 920 774 956 μ
794 921 827 944 ω
842 921 877 947 ν,
912 917 1175 954 quamquam
1195 901 1326 953 paulo
1345 910 1444 953 post
1460 901 1602 943 audax
1619 917 1670 943 ac
1688 901 1977 954 periculosum

278 976 371 1003 esse
418 976 674 1014 responsum
707 960 861 1003 dicitur
892 959 964 1013 [ib
999 978 1039 1014 p
1079 961 1157 1001 153
1190 958 1258 1013 ss].
1293 958 1362 1001 De
1395 975 1470 1002 esu
1502 966 1694 1002 carnium
1728 969 1839 1002 orat.
1874 959 1903 1006 I,
1937 976 1977 1013 p.

278 1020 363 1061 996
398 1018 461 1075 D:
496 1038 546 1062 το
565 1022 648 1075 γὰρ
684 1021 724 1061 ἐν
757 1022 857 1075 ἡμῖν
894 1023 1052 1076 ἅ)ο(ον
1092 1020 1162 1063 καὶ
1196 1023 1383 1063 ἄτακτον
1421 1037 1492 1063 και
1532 1022 1680 1077 βίαιον
1719 1021 1767 1063 οὐ
1802 1024 1979 1065 θεῖον,

279 1081 394 1121 ἀλλὰ
442 1082 831 1132 δαιιιονικόν

336 1136 532 1179 Nostrae
565 1143 720 1179 aetatis
752 1137 950 1180 homines
981 1136 1206 1179 daemonis
1238 1152 1400 1179 nomen
1433 1136 1613 1179 horrent
1642 1152 1782 1190 neque
1800 1143 1980 1178 omnino

279 1203 321 1238 in
352 1196 515 1238 bonam
551 1205 720 1249 partem
753 1203 954 1250 accipere
987 1196 1143 1238 solent.

337 1254 466 1297 Voce
499 1270 581 1308 q.e.
617 1256 774 1310 δαίμων
810 1271 899 1297 non
926 1270 1097 1308 semper
1126 1254 1197 1296 illa
1226 1264 1393 1296 tantum
1412 1261 1586 1296 numina
1604 1253 1847 1307 significari,
1867 1269 1979 1307 quae

280 1314 491 1356 malorum
526 1313 867 1367 morborumque
899 1323 1102 1356 auctores
1133 1313 1391 1360 habeantur,
1412 1320 1680 1356 notissimum
1700 1323 1784 1355 est:
1820 1319 1978 1366 passim

280 1379 391 1415 enim
441 1375 600 1428 δαίμων
650 1382 692 1415 et
739 1375 839 1424 θεός
889 1372 1001 1415 idern
1050 1372 1320 1427 significant:
1371 1388 1530 1414 numen
1562 1372 1769 1417 divinum.
1804 1372 1977 1416 scilicet.

280 1439 483 1474 universe
516 1441 771 1486 perceptum
804 1441 879 1474 aut
911 1431 1038 1473 deum
1072 1431 1305 1485 quendam,
1341 1438 1412 1485 qui
1440 1438 1534 1484 quis
1567 1438 1620 1473 sit
1652 1437 1881 1485 ignoratur
1905 1442 1981 1473 aut

281 1500 443 1533 certum
477 1490 697 1544 quendam
729 1491 873 1534 deum.
907 1490 977 1533 Sic
1010 1500 1053 1533 et
1085 1491 1203 1545 apud
1237 1489 1534 1533 Homerum
1568 1499 1609 1532 et
1627 1490 1744 1544 apud
1762 1490 1921 1543 lyricos
1939 1501 1981 1531 et

280 1550 398 1604 apud
431 1557 621 1603 tragicos
654 1559 910 1604 ceterosque
942 1556 1177 1604 scriptores
1210 1549 1318 1592 haec
1350 1549 1569 1591 vocabula
1594 1555 1839 1603 promiscue
1857 1565 1981 1591 usur-

282 1609 520 1663 -pantur.³)
556 1608 682 1651 Haec
714 1616 863 1662 paucis
895 1624 1074 1651 monere
1102 1609 1254 1651 liceat:

340 1668 474 1722 Apud
509 1667 821 1710 Homerum
866 1666 949 1721 [ed.
986 1667 1282 1710 Ludwich
1313 1666 1474 1720 (1902)]
1509 1667 1665 1722 legitur
1697 1665 1738 1708 Α
1773 1668 1852 1708 221
1891 1683 1980 1720 sq.:

287 1730 305 1782 ἡ
339 1729 373 1771 δ’
413 1726 606 1780 [Athena
639 1726 714 1780 sc.]
752 1730 981 1782 Οὔλυμπον
1017 1729 1061 1771 δὲ
1094 1730 1272 1784 βεβήκει

557 1788 716 1840 δώματ’
754 1789 792 1836 ἐς
830 1788 1041 1843 αἰγίοχοιο
1076 1789 1173 1836 Διὸς
1206 1788 1311 1842 μετὰ
1361 1788 1383 1828 δ
1400 1805 1425 1828 α
1445 1788 1455 1828 ί
1472 1804 1500 1840 μ
1519 1805 1539 1829 ο
1557 1804 1577 1827 ν
1598 1803 1656 1835 ας
1706 1788 1874 1835 ἄλλους.

342 1843 385 1886 Α
419 1845 530 1887 570:
571 1848 777 1901 ὤχθησαν
813 1846 848 1887 δ’
885 1848 966 1888 ἀνὰ
1001 1849 1120 1900 δῶμα,
1154 1848 1252 1895 Διὸς
1300 1845 1441 1888 θεοὶ
1483 1845 1766 1899 Οὐρανίωνες.

342 1908 380 1947 Λ
414 1904 526 1946 792:
561 1905 619 1954 τίς
655 1905 690 1947 δ’
727 1906 826 1957 οἶδ’,
862 1907 901 1947 εἴ
935 1907 1003 1946 κέν
1041 1906 1078 1947 οἱ
1111 1907 1181 1947 σὺν
1237 1906 1376 1959 δαίμ
1398 1920 1484 1946 ονι
1534 1905 1665 1958 θυμὸν
1701 1905 1870 1959 ὀρίναις.

344 1962 359 2004 Ι
392 1963 475 2005 49:
514 1995 755 2004 .........
806 1966 876 2006 σὺν
915 1966 997 2019 γὰρ
1047 1968 1115 2005 θ
1096 1992 1115 2006 -
1135 1969 1168 2006 <3
1217 1964 1518 2018 εἰλήλουθμεν.

344 2021 387 2062 H
422 2022 534 2064 291:
571 2054 756 2063 .......
808 2024 979 2077 ὕστερον
1029 2025 1129 2066 αὖτε
1176 2023 1462 2079 μιχησομεθ’,
1510 2022 1567 2072 εἰς
1598 2024 1619 2064 ὅ
1654 2040 1702 2064 κε
1753 2023 1807 2064 δ
1795 2041 1819 2065 J.
1838 2023 1892 2076 ίμ
1913 2039 1946 2063 ω
1964 2040 1984 2063 ν

567 2084 678 2136 ἄμμε
712 2084 919 2137 διακρίνῃ.

344 2142 365 2191 ξ
399 2141 515 2181 444:
554 2143 693 2190 θεὸς
742 2143 788 2183 τὸ
821 2143 892 2195 μὲν
929 2142 1071 2192 δώσει,
1107 2142 1158 2184 τὸ
1191 2141 1225 2183 δ’
1264 2141 1393 2183 ἐάσει.

345 2197 511 2240 Pind.
561 2197 635 2240 01.
672 2197 701 2244 Ι,
737 2200 791 2240 36
842 2214 905 2252 sq.
968 2197 1250 2252 [Christ]:
1311 2202 1402 2242 ἔστι
1449 2199 1608 2255 δ’ἀνδρὶ
1657 2201 1789 2256 φάμεν
1842 2199 1983 2248 ἐοικὸς

810 2258 918 2314 ἀμφι
969 2261 1280 2312 δαιμόνων
1336 2261 1464 2301 καλά·

340 2366 368 2416 1)
399 2366 464 2405 Cf.
486 2329 894 2410 Tambornino
926 2381 962 2406 o.
995 2367 1017 2405 l
1049 2381 1114 2416 pp.
1137 2368 1236 2405 62—
1243 2367 1315 2405 75:
1348 2365 1984 2416 ..depossessionisnuminibus.''

288 2420 515 2462 Usener
565 2433 601 2458 o.
633 2420 655 2458 l.
686 2434 723 2469 p.
756 2421 843 2458 294

342 2472 369 2521 2)
399 2472 630 2511 Thesaurus
659 2473 836 2522 Linguae
863 2473 1045 2512 Graecae
1085 2473 1161 2523 [ed.
1211 2473 1250 2511 H
1266 2487 1289 2511 a
1303 2486 1321 2511 s
1336 2472 1433 2511 e-Di
1449 2487 1473 2511 n
1488 2473 1512 2511 d
1528 2486 1553 2511 o
1568 2487 1584 2510 r
1599 2472 1623 2515 f,
1666 2472 1776 2510 Paris
1823 2472 1985 2521 (1851)).

288 2525 330 2568 II,
361 2525 437 2564 col.
469 2526 555 2567 860.
585 2531 606 2563 i.
628 2541 665 2564 v.
703 2530 871 2576 Δαίμων.

341 2580 369 2627 3)
398 2577 461 2617 Cf.
497 2578 845 2621 Wahrmund.
876 2593 912 2617 o.
944 2579 966 2617 l.
998 2593 1064 2628 pp.
1098 2579 1317 2617 761—783.
1349 2578 1389 2617 N
1408 2579 1694 2620 euhausen
1728 2591 1765 2616 o.
1796 2577 1818 2615 l.
1850 2591 1886 2626 p.
1924 2578 1984 2615 23.

288 2631 319 2669 L
334 2644 355 2669 e
370 2632 394 2669 h
410 2646 425 2669 r
440 2645 469 2673 s,
500 2631 564 2670 o.1.
583 2646 619 2680 p.
640 2634 723 2670 144.
756 2632 796 2670 U
812 2633 836 2670 k
851 2646 872 2670 e
887 2647 903 2670 r
918 2639 943 2674 t.
976 2632 1081 2671 [Iber
1098 2632 1323 2675 Damonen,
1344 2632 1509 2671 Heroen
1524 2632 1604 2670 und
1619 2631 1776 2670 Genien
1796 2630 1986 2680 [Leipzig.

290 2684 538 2722 Weidmann
553 2685 713 2734 (1850)].
742 2684 782 2722 N
796 2692 852 2734 aq
865 2685 908 2723 el
921 2699 938 2723 s
950 2685 975 2723 b
987 2685 1087 2727 ach.
1117 2685 1488 2724 Nachhomerische
1509 2684 1736 2733 Theoloqie
1755 2683 1987 2733 [Nflrnberq

289 2737 753 2787 (1857)]‚p.111.H11d
776 2738 883 2786 apud
915 2737 1253 2788 Daremberq
1284 2746 1321 2776 et
1353 2738 1562 2788 Saqlio.
1594 2737 1700 2776 Dict.
1719 2736 1899 2774 desAnt.
1916 2735 1985 2774 Gr.

288 2797 326 2828 et
357 2790 471 2829 Rom.
504 2790 546 2832 ΙΙ,
584 2792 614 2833 1,
641 2805 706 2839 pp.
738 2792 880 2833 9-18,
912 2796 975 2829 i.v.
1006 2791 1203 2830 Daemon.
1235 2791 1467 2830 Thesaurus
1496 2791 1538 2829 L.
1556 2790 1626 2829 Gr.
1655 2789 1697 2833 ΙΙ,
1713 2789 1789 2828 col.
1808 2790 1884 2827 860
1902 2803 1986 2838 sqq.
