2159 3288
0 538 1 564 l

0 566 2 594 l

29 2255 69 2293 A
98 2256 187 2296 792.

1060 88 1116 130 99

303 215 342 256 Π
376 214 461 271 662
493 213 670 267 legitur:

679 275 766 316 εὖτ’
803 275 923 328 ἕριδα
956 277 1166 331 κρατερὴν
1201 277 1408 320 ἐτάνυσσε
1447 276 1656 331 Κρονίων.

296 329 469 374 Hector
500 330 557 372 ad
590 330 805 374 Glaucum
841 331 890 385 [P
929 334 1007 374 176
1041 333 1179 386 sqq.]:

406 391 504 432 ἀλλ’
545 391 627 433 αἰεί
660 408 721 441 τε,
753 396 904 444 inquit.
941 395 1044 442 Διὸς
1074 394 1284 447 κρείσσων
1317 396 1414 444 νόος
1450 394 1685 450 αἰγιόχοιο,

411 451 457 499 ὅς
489 467 536 492 τε
568 449 645 492 καὶ
679 453 859 506 ἄλκιμον
895 452 1027 505 ἄνδρα
1060 456 1187 507 φοβεῖ
1220 452 1295 495 καὶ
1330 453 1532 508 ἀφείλετο
1563 454 1681 508 νίκην

417 508 604 563 ῥηιδίως,
639 510 710 552 ὁτὲ
742 509 778 549 δ’
818 511 945 560 αὐτός
982 511 1199 565 ἐποτρύνει
1233 513 1530 567 μαχέσασθαι.

298 622 478 678 Apollo,
511 630 554 666 in
588 623 864 678 Periphantis
895 633 1127 679 praeconis
1160 626 1342 681 figuram
1371 643 1625 673 conversus,
1658 626 1857 670 Aeneam
1886 627 1942 670 ad

241 699 433 738 pugnam
465 689 615 725 incitat
647 695 689 726 et
725 684 775 737 [P
807 686 885 726 331
923 684 1035 738 sq.]:

415 745 518 797 ἡμῖν
551 744 610 796 δὲ,
643 749 795 796 inquit,
832 746 935 795 Ζεὺς
977 746 1049 801 μὲν
1087 747 1199 789 πολὺ
1241 747 1446 801 βούλεται
1481 748 1505 801 ἢ
1542 749 1754 789 Δαναοῖσι

411 802 547 855 νίκην·

299 858 360 900 ab
392 858 548 902 Aenea
584 861 685 911 Ζεύς
719 860 965 914 appellatur
1001 860 1074 913 [ib.
1109 860 1209 913 339]

1380 923 1541 972 ὕπατος
1576 924 1767 976 μήστωρ.

299 975 478 1019 Aeneas
509 976 566 1018 ad
597 976 850 1030 Apollinem
884 976 1081 1030 Lycaoni
1114 977 1292 1020 similem
1326 978 1428 1020 dicit
1463 978 1514 1031 [Υ
1549 981 1631 1021 100
1663 980 1768 1033 sq.]:

649 1092 651 1094 Ι
1299 1038 1334 1079 εἰ
1366 1040 1411 1080 δὲ
1447 1041 1547 1088 θεός
1582 1057 1656 1094 περ

416 1096 510 1137 ἶσον
543 1095 712 1137 τείνειεν
749 1097 935 1150 πολέμου
971 1097 1107 1146 τέλος,
1143 1110 1205 1147 sq.

301 1155 342 1196 A
372 1152 458 1194 336
489 1152 593 1194 dicit
624 1160 784 1206 po'eta:

415 1214 523 1256 ἔνθα
556 1229 652 1268 σφιν
697 1215 811 1256 κατὰ
844 1215 924 1256 ἶσα
954 1216 1091 1270 μάχην
1126 1214 1329 1256 ἐτάνυσσε
1365 1215 1556 1268 Κρονίων

298 1273 337 1315 Θ
376 1271 457 1312 170
489 1286 582 1324 sq.:

417 1330 505 1384 τρὶς
537 1331 573 1374 δ’
612 1327 674 1385 ἄρ’
711 1331 780 1372 ἀπ’
819 1331 990 1373 Ἰδαίων
1023 1331 1157 1385 ὁρέων
1192 1333 1325 1374 κτύπε
1359 1333 1543 1386 μητίετα
1578 1333 1683 1382 Ζεὺς

414 1394 530 1444 σῆμα
564 1389 699 1439 τιθεὶς
730 1391 942 1444 Τρώεσσι,
977 1392 1116 1445 μάχης
1149 1392 1391 1445 ἑτεραλκέα
1423 1391 1561 1445 νίκην.

300 1445 530 1489 Patroclus
562 1447 619 1489 ad
653 1446 894 1490 Hectorem
932 1447 991 1501 [ΙΙ
1028 1450 1111 1490 844
1144 1448 1252 1501 sq.]:

1177 1508 1243 1550 σοὶ
1285 1511 1385 1564 γαρ,
1419 1514 1569 1560 inquit,
1603 1511 1743 1552 ἔδωκε

410 1566 529 1620 νίκην
566 1567 669 1616 Ζεὺς
704 1567 910 1621 Κρονίδης
948 1566 1022 1608 καὶ
1057 1567 1309 1615 Ἀπόλλων,
1346 1582 1410 1619 sq.

299 1679 364 1724 Ex
404 1681 523 1727 locis.
570 1698 682 1735 quos
713 1698 844 1735 supra
877 1682 1109 1727 attulimus.
1159 1682 1283 1726 facile
1329 1683 1606 1737 intellegitur,
1655 1685 1836 1738 δαίμονα
1887 1682 1943 1736 [Η

240 1741 341 1786 291.
387 1741 486 1786 377,
536 1740 635 1794 396]
685 1741 927 1795 significare
976 1757 1186 1784 summum
1232 1757 1392 1784 numen
1441 1742 1635 1784 divinum
1679 1742 1794 1787 illud.
1828 1742 1947 1795 quod

241 1798 489 1842 hominibus
533 1806 761 1842 victoriam
795 1800 991 1842 attribuit
1023 1811 1098 1842 aut
1130 1800 1295 1842 cladem
1329 1801 1470 1846 infert,
1492 1801 1518 1853 ¹)
1549 1808 1591 1843 in
1623 1800 1835 1854 proelium
1869 1816 1945 1843 eos

241 1858 405 1901 inducit
449 1868 525 1901 aut
571 1859 742 1904 dirimit.
791 1860 948 1913 quibus
980 1860 1230 1901 muneribus
1275 1875 1364 1902 non
1397 1859 1531 1901 modo
1565 1859 1729 1906 Iovem,
1764 1859 1946 1901 deorum

243 1923 497 1972 principem,
531 1918 609 1960 sed
641 1924 771 1960 etiam
805 1928 977 1960 ceteros
1009 1918 1117 1961 deos
1150 1918 1271 1972 fungi
1303 1928 1501 1972 apparet.
1520 1918 1549 1971 2)

1031 1998 1052 2022 *
1141 1998 1163 2022 *

1087 2029 1108 2052 ,ις

300 2080 471 2124 Nestor
503 2080 754 2125 Patroclum
786 2082 842 2124 ab
875 2081 1045 2124 Achille
1079 2089 1251 2124 missum
1285 2081 1339 2124 de
1371 2089 1609 2124 miserrima
1641 2082 1740 2124 belli
1773 2081 1948 2124 fortuna

242 2147 474 2184 certiorem
520 2140 625 2183 facit
657 2148 781 2195 eique
825 2141 991 2187 suadet.
1033 2151 1079 2183 ut
1122 2140 1337 2183 Achillem
1383 2141 1440 2183 ad
1486 2141 1688 2183 auxilium
1721 2140 1948 2183 ferendum

244 2199 435 2242 adducat
468 2199 523 2252 [A
555 2201 639 2242 792
672 2200 781 2254 sq.]:

419 2259 482 2310 τίς
514 2260 549 2302 δ’
587 2261 687 2304 οἷδ’,
720 2265 872 2312 inquit.
907 2261 946 2302 εἴ
972 2261 1044 2302 κέν
1078 2261 1117 2302 οἱ
1151 2261 1221 2302 σὺν
1257 2259 1423 2314 δαίμονι
1455 2261 1590 2314 θυμὸν
1623 2259 1783 2315 ὀρίναις

423 2321 644 2374 παρειπών
664 2335 673 2372 ;
691 2318 720 2371 3)

300 2432 331 2480 1)
362 2431 426 2471 Cf.
460 2431 702 2475 Finsler.
734 2432 814 2472 o.l.
845 2432 887 2475 12,
918 2447 955 2481 p.
987 2433 1074 2471 243.

301 2485 330 2534 2)
359 2484 423 2524 Cf.
454 2484 1230 2535 Naqelsbach-Autenrieth,
1261 2498 1297 2523 ο.
1324 2484 1346 2523 l.
1377 2499 1415 2534 p.
1450 2485 1500 2524 54
1530 2499 1613 2534 sqq.

300 2538 329 2587 ³)
358 2537 493 2577 Schol.
524 2537 556 2576 Β
572 2538 623 2576 ad
640 2538 691 2577 l.l.
709 2554 716 2576 τ
746 2542 826 2586 ἅμα
850 2541 890 2575 δὲ
916 2542 977 2575 καὶ
1007 2539 1158 2575 εὔελπιν
1187 2543 1284 2575 ποιεῖ
1294 2542 1343 2587 τῇ
1358 2544 1464 2588 παραὶ
1483 2544 1545 2574 τοῦ
1561 2540 1734 2588 δαίμονος
1748 2540 1948 2588 ἐπικουρία

246 2592 335 2632 ἴσως
359 2595 449 2641 γάρ,
480 2595 583 2640 φησί,
615 2594 675 2628 καὶ
700 2589 742 2628 τὲ
772 2592 961 2640 δαιμόνιον
990 2594 1249 2640 συμβαλεῖ-ταὶ
1279 2605 1348 2629 σοι.

301 2643 437 2683 Schol.
467 2643 505 2682 T
531 2644 584 2682 ad
612 2643 652 2683 O
681 2645 783 2682 403:
811 2646 879 2680 σὺν
908 2646 1055 2692 δαίμονι
1083 2643 1154 2694 δέ],
1185 2645 1419 2692 ε’,ωοιψκμένου
1448 2642 1549 2681 Ξῖεοῦ.

301 2696 573 2739 Eustath.‚
615 2711 653 2746 p.
697 2698 786 2739 884,
816 2698 892 2735 49:
937 2703 977 2734 το
1014 2699 1054 2734 δὲ
1083 2699 1154 2734 σὺν
1183 2697 1328 2747 δαίμονι
1355 2699 1440 2733 ἀντὶ
1466 2701 1531 2733 τοῦ
1560 2698 1629 2733 σὺν
1659 2698 1801 2745 ἀγαθῇ
1831 2698 1948 2744 rufis),

245 2763 352 2799 quae
378 2756 440 2788 vis
465 2758 598 2788 tamen
625 2756 721 2789 voci
750 2752 893 2799 δαὶμων
922 2750 1031 2800 apud
1060 2749 1100 2788 H
1117 2763 1195 2788 om
1211 2763 1264 2788 er
1281 2764 1306 2788 u
1324 2764 1361 2788 m
1387 2749 1567 2788 nondum
1597 2754 1710 2788 inest.

301 2801 366 2842 Cf.
397 2803 581 2846 Lehrs.
611 2803 691 2842 0.l.
719 2817 758 2852 p.
792 2804 876 2841 141.
