2125 3288
15 2282 18 2287 v
10 2239 14 2244 .
0 2098 14 2228 ”ww
0 1738 16 2088 *ww-VW'WI
0 1703 11 1730 'V
0 1590 11 1682 WVV
0 1465 15 1579 '‘q-FU*
0 1437 4 1452 v
0 1414 5 1429 -

920 84 975 124 45

159 214 231 258 De
258 219 514 268 quaestione
546 221 688 254 utrum
724 214 885 267 δαίμων
920 218 973 253 sit
1005 227 1165 254 numen
1197 210 1459 253 benevolum
1491 227 1548 252 an
1579 211 1793 253 infensum

99 275 210 317 haec
252 281 429 315 censet:
480 269 728 318 „Omnibus
776 270 867 312 fere
914 269 1020 312 locis
1068 269 1127 323 [in
1172 269 1379 323 Odyssea
1423 268 1498 322 sc.]
1533 269 1697 311 bonum
1730 280 1795 312 est

99 347 272 378 numen,
291 329 538 374 hominibus
555 335 804 383 propitium,
823 329 989 381 aliquot
1013 329 1147 371 modo
1173 329 1278 371 locis
1309 328 1561 370 iracundum
1594 328 1794 381 idemque

97 390 378 435 benevolum,
435 388 556 442 quod
611 387 875 441 corrigendo
923 396 966 428 et
1012 388 1268 441 castigando
1316 387 1372 429 ad
1419 387 1530 429 bene
1577 386 1794 440 beateque

98 448 336 493 vivendum
367 447 528 490 ducere
559 446 734 489 studeat
765 445 1013 488 mortales.''

158 507 396 561 Postquam
454 512 577 548 vocis
643 507 842 560 δαίμονος
903 511 946 546 in
1009 503 1141 546 Iliade
1189 511 1449 547 sententiam
1496 510 1539 545 in
1593 503 1793 546 iudicium

97 573 290 612 vocavit,
324 572 385 608 sic
415 571 557 619 pergit
595 563 654 618 [p.
689 564 762 618 7]:
799 561 948 611 „Quid
981 562 1194 605 redundet
1227 579 1277 605 ex
1310 563 1426 605 hisce
1458 563 1564 605 locis
1596 572 1793 616 apparet,

98 626 358 668 daemonem
390 630 433 666 in
466 623 600 666 Iliade
632 629 717 665 iam
750 623 899 664 colore
931 621 1078 675 aliquo
1111 621 1310 667 suffundi,
1345 638 1433 675 quo
1465 637 1560 664 cum
1594 621 1795 663 omnibus

100 683 195 726 Diis
218 683 431 726 tribuatur
448 683 688 736 epitheton,
709 692 797 724 tum
814 687 858 723 in
875 687 1041 723 variam
1061 689 1103 722 et
1123 680 1278 722 malam
1296 680 1419 722 verbi
1437 680 1794 735 significationem

97 742 320 798 paullatim
352 748 538 783 transire
568 741 782 786 videatur,
815 756 901 793 qua
933 739 1118 781 subinde
1150 749 1327 781 utuntur
1362 738 1488 781 Plato
1521 737 1719 791 aliique.’'

158 801 441 856 Inquisitione
457 800 514 842 ad
531 799 659 842 finem
678 799 889 853 perducta
913 805 972 841 sic
999 797 1162 851 colligit
1198 797 1256 850 [p.
1276 797 1317 851 8]
1340 815 1347 838 z
1385 798 1539 844 „finem
1572 805 1796 851 imponere

97 861 224 904 liceat
269 859 557 913 disquisitioni
603 868 780 900 nostrae
829 867 871 900 et
918 856 1018 899 inde
1064 857 1265 898 iudicium
1314 856 1514 902 feramus,
1560 873 1648 909 quo
1692 856 1795 898 nihil

97 928 245 974 potest
277 934 370 960 esse
401 918 671 963 luculentius,
705 916 752 958 F.
787 915 842 958 Α.
885 915 1105 958 Wolfium
1153 921 1301 964 secuti,
1350 914 1601 968 Odysseam
1650 915 1795 968 aliquo

98 988 298 1031 tempore
344 987 446 1019 ante
494 976 670 1018 Iliadem
718 991 811 1018 esse
858 984 1000 1017 ortam
1048 985 1090 1016 et
1136 983 1367 1027 utrumque
1412 990 1586 1016 carmen
1619 974 1674 1015 ab
1707 989 1795 1015 uno

99 1037 344 1090 eodemque
376 1045 556 1078 auctore
589 1050 678 1077 non
711 1050 804 1077 esse
837 1032 1129 1076 confectum.’'

156 1094 291 1138 Plane
308 1094 486 1137 dissidet
503 1100 633 1148 igitur
665 1092 938 1136 Cuntzius
971 1109 997 1134 a
1028 1099 1132 1135 viris
1165 1091 1318 1137 doctis,
1353 1107 1537 1144 quorum
1560 1098 1796 1133 sententias

97 1154 240 1197 adhuc
281 1159 476 1207 exposui.
538 1151 736 1195 Omnino
783 1162 983 1194 naturam
1031 1151 1278 1193 hominibus
1325 1157 1558 1204 propitiam
1605 1156 1798 1203 assignat

99 1216 278 1269 &ninom
312 1219 416 1266 quin
443 1218 573 1254 etiam
588 1227 639 1253 ex
656 1218 781 1254 vario
799 1218 841 1253 in
859 1220 1046 1264 utroque
1064 1216 1253 1252 carmine
1270 1216 1393 1252 vocis
1410 1226 1488 1251 usu
1507 1209 1796 1263 colligendum

98 1287 192 1314 esse
235 1281 360 1326 putat
392 1269 644 1324 Odysseam
677 1262 939 1313 antecedere
975 1269 1150 1311 Iliadem
1184 1285 1326 1322 neque
1359 1285 1490 1310 unum
1524 1268 1798 1321 eundemque

97 1338 274 1385 poetam
307 1330 414 1372 haec
447 1336 640 1372 carmina
673 1335 984 1382 composuisse.

155 1388 294 1432 Pluris
325 1389 531 1431 habenda
566 1397 664 1430 sunt
697 1403 760 1433 ea,
794 1403 905 1441 quae
939 1394 1118 1440 exponit
1166 1386 1452 1428 Krocher
1496 1401 1644 1439 opere.
1677 1386 1796 1439 quod

98 1448 346 1491 inscribitur
380 1446 503 1494 „Der
537 1446 827 1489 Homerische
861 1445 1129 1498 Damon.''¹)

157 1506 263 1550 Item
311 1505 586 1548 Krocher
633 1506 687 1548 de
738 1521 849 1548 voce
899 1506 1059 1560 δαίμων
1109 1504 1244 1546 multo
1293 1503 1416 1546 aliter
1463 1502 1623 1545 iudicat
1664 1512 1796 1555 atque

97 1565 142 1608 N
163 1565 378 1611 itzsch‚
426 1563 612 1607 Ukert
657 1565 740 1610 alii.
775 1571 846 1617 qui
879 1570 1086 1617 imprimis
1128 1578 1286 1605 numen
1330 1562 1552 1616 quoddam
1586 1569 1796 1604 incertum

97 1640 187 1667 non
247 1630 382 1666 artius
428 1629 798 1677 circumscriptum
846 1623 1077 1676 significari
1124 1632 1279 1675 putant
1325 1636 1437 1663 voce
1485 1636 1566 1673 q.e.
1617 1623 1795 1677 δκίμων,

95 1690 216 1726 cuius
247 1689 463 1726 sententia
494 1682 731 1725 identidem
764 1689 806 1724 in
840 1682 996 1723 malam
1031 1691 1199 1734 partem
1233 1687 1285 1722 sit
1317 1680 1584 1733 accipienda.

156 1741 348 1796 „Haufiq
381 1741 514 1784 denkt
547 1758 646 1783 man
677 1741 808 1786 sich,''
844 1747 982 1794 inquit
1016 1739 1074 1793 [p.
1110 1739 1167 1793 3].
1205 1755 1320 1785 ..nun
1352 1738 1462 1780 auch
1495 1738 1610 1780 noch
1643 1753 1797 1780 neuer-

95 1801 255 1856 —dinqs,
288 1800 530 1843 besonders
571 1807 651 1842 seit
683 1800 780 1842 dem
814 1799 1061 1853 Vorqanqe
1092 1815 1183 1841 von
1216 1797 1413 1842 Nitzsch,
1459 1797 1527 1839 die
1559 1796 1698 1839 Sache
1733 1812 1795 1842 so,

97 1860 198 1903 dass
230 1861 391 1916 δαίμων
426 1859 498 1901 bei
532 1858 704 1902 Homer
736 1859 966 1912 eiqentlich
1000 1874 1080 1900 nur
1112 1857 1190 1899 das
1222 1856 1430 1911 gottliche
1458 1855 1650 1898 Wirken
1669 1855 1798 1897 iiber—

95 1919 266 1973 -haupt‚
300 1925 397 1961 eine
429 1917 589 1960 dunkle
623 1918 786 1960 hohere
824 1916 982 1959 Macht
1029 1916 1276 1961 bezeichne,
1326 1915 1395 1957 die
1442 1932 1522 1957 nur
1564 1931 1641 1957 aus
1674 1915 1797 1957 ihren

95 1977 380 2032 Wirkungen
426 1977 613 2019 erkannt
659 1977 821 2021 werde.
856 1977 1007 2018 mithin
1040 1975 1138 2017 kein
1170 1974 1466 2028 personliches
1499 1972 1797 2016 Einzelwesen

96 2043 169 2083 sei,
204 2038 396 2079 sondern
427 2036 518 2079 sich
550 2052 601 2078 zu
634 2039 733 2086 θεὸς
767 2035 965 2077 verhalte
999 2041 1082 2076 wie
1114 2050 1273 2076 numen
1315 2049 1366 2075 zu
1415 2048 1604 2086 persona
1649 2033 1797 2074 divina

98 2129 223 2138 .....
230 2094 364 2138 Diese
395 2094 594 2141 Ansicht,
628 2101 894 2148 weniqstens
928 2093 993 2135 fiir
1026 2093 1093 2135 die
1126 2092 1235 2138 Ilias,
1270 2092 1374 2133 trifft
1407 2092 1524 2134 nicht
1557 2107 1668 2145 ganz
1701 2090 1795 2133 zu.''

151 2153 259 2197 Esse
304 2163 575 2213 argumenta,
624 2169 737 2207 quae
769 2153 938 2195 illorum
972 2158 1207 2194 sententias
1239 2150 1509 2195 confirment,
1544 2166 1632 2192 non
1666 2159 1798 2204 negat

99 2213 383 2256 Krocher:
418 2229 501 2259 „an
533 2219 652 2255 einer
684 2219 899 2267 gewissen
933 2210 1258 2264 Berechtigunq
1290 2210 1357 2252 fur
1376 2209 1444 2251 die
1462 2209 1797 2262 unpersonliche

95 2271 363 2325 Auffassunq
396 2271 503 2314 fehlt
533 2287 579 2314 es
611 2271 826 2313 demnach
858 2270 1093 2323 allerdinqs
1125 2267 1286 2311 nicht.''
1324 2267 1382 2321 [p.
1416 2267 1475 2321 ἢ,

152 2329 392 2384 Postquam
451 2330 609 2373 multos
667 2331 788 2372 locos
848 2329 1098 2383 diligentius
1145 2334 1421 2373 examinavit,
1470 2333 1529 2368 sic
1576 2326 1798 2368 concludit

97 2389 212 2433 idem
258 2388 328 2431 ille
378 2388 437 2442 [p.
484 2389 559 2444 6]:
615 2388 726 2435 „Ein
773 2388 958 2442 triftiqer
1004 2386 1173 2432 Grund‚
1222 2402 1277 2428 an
1325 2386 1403 2428 der
1451 2384 1798 2427 Personlichkeit

97 2447 326 2491 desselben
373 2463 424 2490 zu
470 2448 683 2493 zweifeln‚
731 2454 784 2489 ist
830 2454 959 2490 somit
1005 2446 1072 2488 fiir
1118 2446 1188 2488 die
1237 2445 1335 2487 Ilias
1379 2451 1646 2498 weniqstens
1680 2444 1798 2486 nicht

98 2506 403 2550 vorhanden.'’

154 2565 225 2609 De
257 2564 466 2619 Odyssea
497 2571 557 2607 sic
587 2564 750 2607 iudicat
780 2563 1059 2606 Krocher
1093 2562 1151 2617 [p.
1185 2562 1253 2616 6]:
1289 2561 1366 2608 „In
1398 2561 1476 2604 der
1508 2560 1713 2614 Odyssee
1745 2567 1798 2602 ist

97 2624 168 2668 die
201 2623 545 2667 Personlichkeit
575 2623 651 2666 des
684 2626 844 2679 δκίμων,
875 2623 993 2665 nicht
1025 2638 1074 2665 so
1107 2622 1326 2664 bestimmt
1346 2620 1435 2663 und
1452 2626 1718 2674 ausqepraqt
1736 2619 1798 2661 als

97 2690 143 2726 in
173 2682 251 2726 der
284 2682 382 2726 Ilias
401 2716 523 2725 .....
557 2682 685 2724 allein
717 2682 787 2724 die
822 2680 1145 2735 Berechtiqunq
1178 2696 1229 2723 zu
1260 2680 1359 2722 dem
1391 2679 1579 2725 Urtheil,
1603 2679 1703 2721 dass
1720 2678 1798 2720 der

154 2805 182 2854 1)
213 2804 445 2853 Proqramm
473 2805 543 2842 det
571 2803 826 2842 Stadtischen
844 2801 1215 2841 Real-Lehtanstalt
1227 2817 1276 2840 zu
1291 2801 1436 2840 Stettin
1456 2799 1597 2852 [1876]‚
1625 2814 1690 2838 no.
1713 2800 1795 2837 110.
