2125 3288
910 123 966 164 39

82 251 158 294 Ab
203 251 313 293 illius
358 251 620 293 carminibus
666 249 1027 304 proficiscendum
1077 266 1183 296 esse,
1232 265 1362 292 nemo
1409 266 1499 292 non
1546 251 1781 293 concedet:

84 310 141 352 ab
168 309 232 352 his
259 316 371 352 enim
398 309 737 364 significationes
768 309 1029 362 principales
1061 319 1160 351 sunt
1191 309 1459 351 referendae.
1478 309 1506 361 ¹)

144 367 215 411 De
263 367 534 411 Homero
594 378 636 410 et
693 367 976 410 Hesiodo
1034 374 1259 410 notissima
1308 366 1629 410 Herodoti
1677 367 1784 410 haec

83 426 238 470 afferre
285 427 411 469 liceat
459 426 530 480 [11.
574 427 643 472 53,
692 426 759 468 ed.
794 426 1221 471 Wiedemann‚
1261 425 1416 480 189o]:
1447 429 1569 470 οὗτοι
1601 428 1647 469 δέ
1680 428 1784 470 εἰσιν

85 488 125 530 οἱ
170 488 426 542 ποιήσαντες
474 487 703 542 θεογονίην
751 488 937 540 ’Ἐλλησι
988 487 1059 528 καὶ
1104 491 1221 530 τοῖσι
1256 490 1401 529 θεοῖσι
1430 488 1508 537 τὰς
1541 487 1781 541 ἐπωνυμίας

84 547 226 596 δόντες
263 545 339 588 καὶ
372 547 496 600 τιμάς
529 563 574 587 τε
607 546 680 587 καὶ
713 546 865 600 τέχνας
886 547 1097 595 διελόντες
1115 546 1188 588 καὶ
1205 547 1326 588 εἴδεα
1349 547 1487 588 αὐτῶν
1505 547 1785 600 σημήναντες,

84 619 196 657 quae
228 603 404 657 quidem
435 609 496 645 ita
527 613 626 645 sunt
658 603 965 657 intellegenda,
1002 613 1048 645 ut
1097 602 1377 645 Homerus
1424 613 1467 645 et
1500 602 1785 645 Hesiodus

83 663 264 705 deorum
309 668 487 705 nomina
529 672 572 704 et
619 661 792 716 figuras,
839 661 988 715 quales
1029 668 1113 704 iam
1146 671 1247 704 ante
1279 661 1449 704 illorum
1483 671 1673 704 aetatem
1706 661 1786 703 sibi

83 721 298 776 fingerent
327 720 539 766 homines,
574 736 814 774 eorumque
848 721 1038 763 honores
1069 731 1111 763 et
1143 736 1334 766 munera,
1353 730 1485 763 antea
1502 737 1592 762 non
1609 719 1787 762 definita

84 790 128 823 et
164 780 382 834 ambigua,
431 789 552 823 certa
584 786 754 822 ratione
787 786 1199 833 circumscripserint
1231 779 1489 832 stabiliaque
1523 779 1735 821 finxerint.
1756 777 1786 831 ²)

141 837 216 881 Ab
250 838 400 881 Hom
420 854 524 881 ero
557 845 686 893 igitur
719 845 843 892 quasi
875 844 1019 891 capite
1053 838 1162 880 haec
1193 838 1429 891 disputatio
1464 838 1645 882 ducitur,
1661 838 1785 880 dum-

82 897 238 940 -modo
270 906 470 940 teneatur
501 897 756 952 religionem
789 897 845 938 ad
877 906 1067 939 aetatem
1103 895 1146 938 H
1166 912 1193 939 o
1212 912 1251 938 m
1270 912 1362 938 eru
1381 913 1420 938 m
1453 896 1786 939 antecedentem

84 956 239 1002 redire,
283 972 372 1010 quo
405 955 463 1002 fit,
497 965 544 998 ut
575 966 750 1010 praeter
787 956 952 998 litteras
983 962 1112 997 etiam
1147 955 1328 997 historia
1362 955 1581 1009 religionis
1629 962 1680 996 sit
1721 970 1788 997 re-

83 1015 342 1069 —spicienda.

142 1119 274 1168 Quae
320 1126 487 1174 antiqui
534 1126 803 1174 grammatici
851 1119 904 1161 de
951 1126 1075 1162 vocis
1114 1122 1276 1174 δαίμων
1309 1119 1427 1173 apud
1475 1118 1787 1161 Homerum

82 1195 161 1222 usu
193 1189 489 1234 exposuerunt
519 1195 608 1221 non
642 1179 820 1221 multum
853 1177 1015 1220 valent.

143 1237 269 1281 Haec
301 1247 468 1280 tantum
502 1238 648 1280 habeo
681 1253 794 1291 quae
826 1237 1026 1279 afferam:

141 1296 460 1352 Apollonii
492 1295 865 1350 sophistaess)
899 1295 1091 1338 Lexicon
1127 1294 1410 1337 Homericum
1447 1294 1514 1348 [ex
1532 1301 1787 1336 recensione

85 1356 114 1399 I.
164 1355 438 1399 Bekkeri
492 1355 633 1409 1833],
668 1372 709 1409 p.
746 1357 813 1400 56.
848 1356 957 1398 haec
990 1354 1150 1397 habet:

146 1417 340 1472 δαίμονες
366 1417 408 1458 οἵ.
446 1416 538 1459 θεοὶ
572 1417 698 1459 οἱονεὶ
733 1417 940 1470 δαήμονες
975 1417 1105 1464 ὄντες·
1134 1416 1176 1457 οἱ
1212 1416 1294 1469 γὰρ
1332 1414 1424 1456 θεοὶ
1458 1416 1595 1456 πάντα
1629 1415 1786 1455 ἴσασιν.

89 1477 114 1531 ἢ
147 1477 211 1519 ὅτι
243 1478 380 1518 πάντα
413 1475 654 1529 μερίζουσιν
688 1475 772 1517 ἀπὸ
805 1478 882 1518 τοῦ
915 1476 1147 1517 δάσασθαι.

146 1531 430 1586 Pollux.⁴)
464 1531 699 1575 Onomast.
736 1532 765 1577 Ι,
800 1531 818 1585 ξ
853 1534 875 1574 5
913 1531 997 1585 [ed.
1033 1529 1244 1583 Bethe]
1280 1531 1388 1572 haec
1421 1529 1616 1583 profert:

148 1595 254 1643 Θεὸς
308 1593 383 1636 καὶ
432 1592 526 1635 θεοὶ
562 1593 634 1635 καὶ
670 1594 881 1646 δαίμονες·
916 1593 1032 1634 οὕτω
1070 1593 1154 1647 γαρ
1190 1591 1371 1646 Ὁμήρῳ
1409 1588 1467 1636 (A
1502 1589 1604 1642 222)
1642 1586 1783 1640 [δοκεῖ

86 1653 285 1707 δαίμονας
323 1656 473 1694 καλεῖν
505 1654 603 1701 τοὺς
643 1649 783 1703 θεοὺς]
809 1685 815 1691 .
838 1686 845 1692 .
869 1685 906 1693 ..
941 1652 1088 1704 ἐπειδὴ
1124 1654 1199 1704 τῆς
1235 1651 1369 1703 αὐτῆς
1401 1649 1545 1704 χρείας
1578 1650 1626 1690 τὸ
1660 1651 1784 1690 θεῖον

90 1711 166 1754 καὶ
201 1708 283 1763 [τὸ]
319 1711 551 1766 δαιμόνιον.

140 1767 381 1812 Scholia
414 1775 456 1810 in
482 1767 524 1810 H
545 1784 627 1811 om
646 1784 669 1810 e
687 1785 706 1810 r
724 1784 804 1810 um
826 1766 909 1820 [ed.
931 1766 973 1808 D
992 1773 1003 1808 i
1022 1783 1048 1808 n
1067 1766 1094 1808 d
1112 1782 1138 1808 o
1157 1765 1246 1819 rf].
1269 1767 1450 1822 δαίμονα
1473 1783 1517 1797 =
1535 1767 1782 1807 &edvinter-

86 1837 363 1882 -pretanturz

144 1885 289 1929 Schol.
322 1885 366 1928 Α
397 1886 454 1928 ad
485 1885 528 1928 Α
559 1887 643 1928 222
674 1885 783 1927 haec
816 1894 1028 1927 annotat:
1072 1888 1208 1935 οὕτως
1260 1887 1466 1939 δαίμονας
1514 1886 1645 1926 καλεῖ
1692 1883 1791 1931 τοὺς

82 1948 211 1997 θεοὺς
244 1949 341 2002 ’ήτοι
374 1948 438 1989 ὅτι
473 1947 683 2001 δαήμονες
703 1943 914 1999 [ἔμπειρον.
948 1947 1031 2000 γὰρ
1070 1944 1142 1987 καὶ
1173 1945 1298 1998 ἴδριες
1334 1945 1501 1986 πάντων
1526 1943 1648 1985 αὐτοί
1668 1938 1789 1992 εἰσιν]

90 2007 116 2061 ἢ
149 2007 214 2048 ὅτι
249 2007 461 2062 διαιτηταί
492 2008 577 2049 εἰσι
611 2005 688 2046 καὶ
722 2004 940 2058 διοικηταὶ
973 2008 1053 2045 τῶν
1090 2005 1349 2058 ἀνθρώπων,
1382 1998 1523 2054 sqq.⁵)

86 2117 127 2142 er
168 2108 277 2142 seine
321 2102 565 2152 Vorganger
600 2101 726 2151 vollig
756 2100 1007 2142 verdunkest.
1039 2113 1085 2138 so
1115 2105 1163 2138 ist
1188 2114 1228 2137 et
1258 2098 1318 2137 fiir
1347 2099 1409 2137 die
1437 2097 1632 2146 Spateren
1658 2096 1792 2134 leuch-

87 2156 246 2195 -tendes
285 2155 500 2194 Vorbild.”
538 2154 732 2204 Grupp
751 2168 783 2196 e,
825 2153 890 2192 o.l.
923 2153 966 2195 ΙΙ,
997 2167 1034 2201 p.
1070 2154 1180 2191 1044.
1224 2152 1361 2190 Beth
1380 2165 1412 2193 e.
1443 2150 1522 2188 Die
1550 2149 1793 2199 griechische

87 2209 232 2248 Poesie
262 2207 318 2260 [G
336 2207 569 2247 ercke-N
589 2208 780 2249 orden,
814 2207 878 2245 o.l.
910 2206 941 2244 Ι2
972 2206 1132 2256 (1912)],
1162 2219 1228 2254 pp.
1265 2206 1348 2247 131,
1386 2205 1469 2246 137,
1501 2203 1589 2242 295.
1628 2202 1788 2240 Wac-

88 2262 360 2312 -kernage
378 2261 402 2304 l,
448 2260 527 2300 Die
571 2260 830 2300 Griechische
864 2259 1054 2309 Sprache,
1087 2259 1182 2309 [Die
1212 2257 1354 2296 Kultur
1381 2257 1450 2295 der
1479 2256 1736 2305 Gegenwart‚
1767 2254 1792 2296 I.

87 2315 200 2354 V111³
223 2346 232 2357 .
292 2345 299 2353 .
328 2315 407 2353 380
435 2328 452 2353 s
485 2345 492 2353 .

144 2369 171 2418 1)
201 2315 351 2411 liipld.
381 2381 419 2406 o.
446 2328 538 2417 Ill-lp.
569 2368 594 2405 9
623 2372 663 2404 in
690 2371 815 2404 initio.
844 2365 883 2403 A
910 2364 950 2403 Ν
972 2365 1300 2403 euh'ausero
1330 2363 1610 2401 Homerus
1653 2361 1794 2399 dicitur

90 2426 408 2470 „antiquissimus
449 2421 664 2459 verborum
703 2418 1001 2468 significationis
1045 2423 1155 2456 testis
1185 2425 1222 2455 et
1252 2422 1365 2466 quasi
1390 2414 1652 2465 praeceptor''
1685 2414 1739 2464 [o.
1769 2412 1792 2451 l.

87 2487 126 2524 p.
158 2473 238 2524 22].
270 2472 335 2512 Cf.
366 2472 576 2515 Rohde,
608 2473 769 2521 Psyche
799 2471 842 2510 14.
874 2486 940 2520 pp.
973 2472 1020 2513 2;
1054 2472 1111 2509 13.
1143 2470 1407 2511 Krocher,
1439 2482 1476 2507 o.
1507 2468 1530 2506 l.
1555 2482 1593 2517 p.
1628 2469 1658 2505 l.

140 2527 169 2577 ²)
199 2526 478 2569 Gerhard,
510 2539 548 2564 0.
579 2525 602 2564 l.
631 2540 670 2575 p.
702 2526 789 2563 237.
821 2522 1448 2571 Schoemann-Lipsius,
1479 2520 1557 2560 o.l.
1589 2519 1792 2569 11,p.140.

90 2579 324 2621 Usener,
353 2578 475 2627 o.l.p.
495 2579 570 2617 278
589 2592 646 2627 sq.
677 2577 1023 2619 Pfleiderer,
1055 2576 1203 2626 o.l.pp.
1226 2576 1317 2617 170:
1351 2576 1434 2613 177.
1466 2573 1583 2613 Sam
1612 2572 1671 2611 W
1693 2572 1793 2614 ide,

89 2645 127 2671 0.
157 2632 181 2671 l.
212 2647 251 2682 p.
286 2633 370 2671 171.
402 2631 443 2670 H
460 2645 481 2670 e
499 2631 511 2669 l
528 2632 635 2680 big,
666 2631 754 2669 Das
782 2630 1030 2669 homerische
1057 2629 1172 2678 Epos
1199 2642 1271 2667 aus
1286 2628 1363 2666 den
1381 2626 1654 2666 Denkmalern
1669 2625 1796 2664 erlau-

89 2692 184 2724 -tett
215 2685 394 2736 [Leipzig
429 2684 558 2734 1884].
587 2684 730 2733 p.315.
762 2683 828 2722 De
858 2683 1074 2725 Visser.
1108 2682 1172 2721 o.l.
1198 2696 1238 2731 p.
1258 2682 1346 2723 255,
1381 2682 1412 2719 1.
1444 2680 1641 2722 Cauer,
1673 2677 1737 2717 o.l.
1758 2692 1795 2726 p.

88 2739 166 2778 343
195 2752 253 2788 sq.
283 2738 319 2776 R
338 2752 360 2776 e
377 2752 402 2776 n
417 2743 439 2776 e
468 2737 509 2776 D
525 2752 551 2776 u
568 2750 586 2775 s
602 2750 619 2775 s
635 2751 658 2775 a
676 2751 700 2774 u
718 2737 755 2779 d,
786 2736 862 2775 Les
885 2736 1146 2774 civilisations
1160 2734 1477 2784 prebelleniques
1492 2734 1592 2771 dans
1609 2732 1645 2770 le
1662 2732 1796 2770 bassin

89 2791 140 2830 de
167 2791 206 2830 la
233 2805 315 2830 mer
340 2790 451 2841 Egee
482 2790 609 2841 [Paris
641 2789 770 2840 1910]‚
801 2804 839 2838 p.
857 2789 944 2828 254.

143 2842 172 2894 ³)
201 2844 311 2883 Vide
339 2858 458 2894 supra
486 2858 524 2893 p.
556 2843 618 2886 26,
645 2844 680 2881 3.
727 2843 755 2892 4)
785 2842 895 2881 Vide
923 2856 1042 2891 supra
1070 2855 1108 2891 p.
1138 2841 1198 2880 25.
1243 2842 1271 2890 5)
1302 2840 1411 2878 Vide
1444 2847 1565 2888 supra
1592 2852 1631 2887 p.
1663 2837 1724 2879 26,
1756 2837 1791 2873 3.
