2159 3288
25 733 42 769 I
68 732 130 770 40.

999 73 1078 114 173

246 199 355 243 Sunt
387 199 624 242 blanditiae
655 206 840 242 amantis
869 200 1149 253 eiusdemque
1166 207 1522 246 commiserantis,
1542 200 1698 255 quibus
1718 200 1888 245 Hector

188 255 416 301 discedens
433 257 774 301 Andromachae
791 259 1045 301 consolatur
1061 259 1273 302 dolorem.
1299 258 1412 301 Tam
1438 275 1541 303 cara
1572 259 1890 303 Andromache

187 317 360 360 videtur
406 316 603 362 Hectori.
648 327 694 359 ut
736 333 825 359 non
858 318 1027 372 vulgari
1058 318 1249 371 quodam
1281 318 1439 361 affectu
1471 318 1585 361 illam
1615 327 1887 363 commoveri

186 385 312 431 putet
330 375 512 421 Hector,
531 376 607 418 sed
623 383 667 418 vi
685 376 874 429 quadam
892 377 1227 430 inexplicabili.¹)
1260 376 1365 419 Una
1396 393 1521 423 voce,
1556 393 1668 431 quae
1701 379 1886 420 eundem

187 434 304 478 ducit
336 435 529 477 colorem
562 444 694 488 atque
726 435 990 477 vocabulum
1024 451 1242 489 graecum,
1275 436 1378 478 illud
1412 439 1600 492 δαιμόνιε
1633 443 1676 479 in
1708 437 1887 480 latinum

188 510 278 536 non
310 493 435 536 facile
468 494 740 540 transfertur,
774 504 864 536 est:
900 494 1059 540 divina,
1094 501 1326 537 carissima.

248 609 488 653 Diomedes
520 610 899 665 Agamemnonem
930 618 1160 665 increpans
1192 612 1325 665 quod,
1349 627 1445 655 cum
1479 619 1571 667 ipse
1603 620 1655 656 sit
1687 620 1886 667 ignavus,

188 679 360 712 ceteros
392 686 568 723 quoque
601 669 799 712 Achivos
830 670 1024 712 imbelles
1056 682 1098 712 et
1130 671 1304 713 timidos
1336 687 1429 714 esse
1461 671 1592 714 ducat
1625 671 1658 718 [I
1690 673 1747 714 40
1779 678 1887 725 sq.]:

248 730 446 784 δαιμόνι’,
494 735 643 782 inquit,
679 731 794 772 οὕτω
827 748 906 773 που
938 733 1059 784 μάλα
1091 734 1244 773 ἔλπεαι
1274 732 1367 781 υἷας
1403 729 1590 787 Ἀχαιῶν

247 789 507 843 ἀπτολέμους
542 790 577 831 τ’
612 790 756 843 ἔμεναι
794 789 865 832 καὶ
898 791 1143 840 ἀνάὶκιδας,
1181 791 1235 839 ὡς
1274 791 1524 844 ἀγορεύειςς

241 845 634 900 Agamemnonem,
655 846 769 888 adeo
788 853 973 900 ignavos
991 862 1083 889 esse
1100 847 1356 889 arbitratum
1374 847 1584 893 Achivos,
1605 848 1888 891 vehementer

188 920 332 947 errare
365 911 576 947 existimat
612 904 863 950 Diomedes
899 921 1041 958 neque
1074 905 1117 947 id
1150 912 1324 948 numine
1371 907 1522 949 divino
1569 917 1749 950 auctore
1796 907 1888 951 fieri

187 970 374 1017 ignorat,
420 979 516 1006 cum
564 970 710 1006 omnia
757 964 978 1006 hominum
1024 964 1137 1006 mala
1180 981 1206 1005 a
1250 964 1329 1006 diis
1375 965 1482 1008 effici
1515 966 1760 1012 credantur
1780 965 1888 1019 ²)id

189 1022 309 1076 quod
340 1021 650 1076 Agamemnon
680 1029 771 1076 ipse
804 1022 1027 1064 confessus
1060 1023 1222 1069 [1518
1256 1030 1391 1076 sqq]:

365 1083 399 1125 ὦ
435 1082 565 1136 φίλοι,
597 1087 748 1134 inquit,
783 1083 1000 1137 Ἀργείων
1016 1084 1080 1157 ,χὴ
1080 1101 1146 1137 ·Γ,τ
1150 1101 1240 1137 ορες
1278 1084 1353 1138 ἠδὲ
1385 1085 1595 1138 μέδοντες,

365 1142 469 1191 Ζεύς
501 1159 551 1196 με
582 1142 717 1196 μέγας
782 1143 963 1196 ρονίδ·Γ,;
1004 1143 1082 1197 ἄτῃ
1116 1143 1288 1198 ἐνέδησε
1324 1143 1472 1198 (istosin

364 1201 575 1255 σχέτλιος,
612 1214 674 1252 sq.

246 1257 367 1311 quod
398 1257 512 1300 idem
547 1257 698 1300 Ulixes
730 1264 932 1300 universe
965 1265 1024 1300 sic
1057 1265 1369 1312 interpretatur
1401 1259 1444 1305 [0-
1482 1260 1560 1301 137
1593 1265 1702 1312 sq.]:

362 1322 475 1367 τοῖος
514 1320 596 1373 γὰο
627 1321 723 1367 νόος
756 1318 846 1361 ἐστὶ
849 1337 868 1360 ν
902 1319 1160 1374 ἐτ’·ιχθωίων
1194 1320 1455 1373 ἀνθρωπων,

360 1377 448 1419 οἷον
482 1378 536 1419 ἐπ
583 1385 693 1432 ἡμας,
730 1380 857 1432 §iv-2150·
891 1380 1032 1432 πατὴρ
1066 1379 1224 1431 ἀνδοῶν
1258 1396 1303 1420 τε
1339 1382 1452 1420 θεῶν
1485 1396 1542 1420 τε.

247 1433 295 1476 In
341 1433 423 1477 hac
470 1450 516 1476 re
563 1441 788 1477 notissima
835 1441 905 1476 vix
951 1436 1155 1488 exemplis
1188 1435 1360 1477 videtur
1392 1451 1502 1489 opus
1535 1451 1642 1478 esse.
1660 1435 1689 1487 3)
1725 1435 1776 1480 Is.
1811 1443 1884 1488 qui

188 1502 362 1546 praeter
379 1492 555 1535 modum
573 1493 700 1536 stulte
717 1504 833 1547 agat,
855 1494 896 1535 id
914 1494 1033 1546 quod
1051 1501 1243 1536 virorum
1267 1494 1419 1537 ducem
1450 1501 1656 1547 imprimis
1687 1494 1883 1540 dedecet,

186 1551 335 1594 divina
366 1559 409 1594 vi
443 1562 702 1594 occaecatus
734 1568 827 1594 esse
872 1552 1058 1594 videtur.
1109 1552 1265 1595 Virum
1314 1554 1458 1599 talem,
1506 1553 1684 1596 stultitia
1731 1569 1885 1596 occae-

187 1621 366 1656 -catum.
401 1614 612 1666 δαιμόνιον
647 1612 871 1665 appellari,
894 1611 1017 1653 facile
1050 1613 1324 1666 intellegitur.
1348 1611 1625 1658 „Occaecate
1643 1610 1729 1657 tu,’'
1749 1619 1887 1665 inquit

190 1668 444 1712 Diomedes.
464 1670 494 1723 4)

246 1797 517 1845 Idomeneus,
552 1806 624 1853 qui
656 1798 983 1851 Othryoneum,
1020 1799 1183 1845 Asium,
1203 1799 1468 1842 Alcathoum
1501 1798 1723 1842 Troianos
1754 1806 1887 1842 inter—

242 2049 269 2097 1)
298 2047 543 2087 Sententiam
573 2049 736 2098 pulchre
765 2055 958 2098 expressit
1000 2049 1140 2087 Lehr
1160 2055 1279 2087 sius
1325 2049 1435 2099 [ib.]:
1477 2049 1645 2091 „Wenn
1686 2055 1819 2098 spater
1847 2062 1888 2087 er

188 2107 272 2140 sein
317 2101 456 2140 letztes
497 2102 842 2145 Abschiedswort,
885 2103 1015 2140 indem
1056 2116 1097 2140 er
1132 2108 1188 2140 sie
1217 2108 1284 2140 mit
1312 2102 1381 2140 der
1410 2102 1534 2140 Hand
1561 2102 1771 2144 streichelt,
1801 2102 1888 2140 also

188 2155 373 2203 beginnt:
407 2152 717 2198 „Damonische
749 2162 803 2193 sei
834 2161 903 2193 mir
930 2156 1038 2194 nicht
1069 2169 1138 2204 gar
1168 2169 1215 2193 zu
1244 2155 1402 2193 betriibt
1431 2160 1481 2192 im
1508 2155 1667 2193 Herzen
1685 2185 1794 2197 .....
1803 2155 1822 2167 '¹
1840 2168 1887 2193 so

188 2212 272 2245 ist's
312 2207 529 2247 herzliches
572 2208 937 2247 Schmeichelwort.
981 2208 1037 2246 Es
1079 2209 1178 2246 wird
1216 2208 1460 2250 bezeichnet,
1491 2208 1584 2246 dass
1607 2213 1677 2245 mir
1705 2213 1812 2245 einer
1840 2221 1887 2246 so

188 2259 278 2302 lieb,
309 2273 356 2299 so
386 2269 466 2309 gut,
497 2275 544 2299 so
572 2261 669 2300 hold
699 2262 906 2303 erscheint‚
937 2262 1028 2299 dass
1057 2261 1120 2299 ich
1149 2266 1252 2299 mir's
1278 2261 1491 2310 gleichsam
1519 2259 1589 2299 auf
1630 2260 1888 2299 natiirlichem

189 2312 328 2362 Wege
366 2313 474 2352 nicht
514 2315 622 2352 mehr
666 2314 845 2353 erklaren
884 2315 1002 2355 kann,
1037 2314 1211 2352 sondern
1239 2314 1363 2352 durch
1393 2314 1456 2352 die
1490 2313 1752 2363 Einwirkung
1782 2319 1889 2352 eines

189 2365 411 2404 Damons.''

244 2418 483 2460 Finsler.
527 2420 604 2458 o.l.
636 2420 679 2462 12.
711 2434 747 2469 p.
782 2421 858 2458 270
889 2420 1109 2467 „Bazlcco‘vzs”
1140 2420 1204 2458 hic
1232 2426 1376 2458 vertit:
1410 2419 1683 2461 „N'arrchen”
1703 2419 1751 2469 [7]
1821 2464 1837 2470 ἡ

243 2471 686 2515 Ameis-Hentze,
716 2473 767 2511 ad
796 2473 846 2511 l.:
880 2473 956 2514 „du
987 2473 1145 2511 Arme.''
1176 2473 1435 2522 Ebeling,
1468 2472 1533 2511 o.l.
1563 2478 1629 2510 i.v.
1660 2473 1770 2510 adl.:
1804 2480 1887 2515 „est

188 2523 314 2563 lenius
342 2525 622 2573 increpantis.”
1515 2563 1520 2566 .

242 2576 306 2616 Cf.
338 2577 476 2616 plut.
507 2577 632 2617 Cons.
663 2579 715 2617 ad
744 2578 1018 2627 Apollonium,
1052 2593 1084 2616 c.
1115 2580 1177 2621 31,
1210 2593 1248 2627 p.
1284 2579 1355 2617 118
1371 2578 1420 2616 A.

244 2631 272 2677 2)
302 2629 366 2669 Cf.
408 2629 1169 2680 N'agelsbach-Autenrieth,
1212 2631 1290 2670 o.l.
1319 2646 1386 2681 pp.
1418 2632 1584 2670 71—74.
1628 2631 1738 2670 Vide
1768 2645 1886 2679 supra

188 2697 226 2732 p.
262 2684 345 2722 135.
388 2683 636 2726 Teuffel,
679 2684 744 2722 o.l.
771 2699 808 2733 p.
845 2685 890 2722 17
920 2698 976 2733 sq.
1023 2684 1265 2733 Gruppe,
1311 2685 1376 2723 o.l.
1408 2684 1451 2727 II,
1482 2699 1519 2733 p.
1555 2685 1653 2723 1005
1683 2699 1740 2733 sq.

242 2737 274 2784 ³)
305 2735 368 2775 Cf.
399 2738 426 2778 ψ
460 2738 500 2774 ll
535 2750 618 2786 sqq.
679 2740 705 2773 Γ
740 2738 823 2776 164.
885 2740 911 2773 Z
940 2738 1028 2775 349.
1086 2740 1123 2773 T
1153 2738 1239 2776 270.

243 2790 269 2836 ⁴)
299 2789 338 2827 A
353 2804 390 2827 m
406 2803 427 2827 e
442 2795 454 2827 i
468 2789 550 2828 s-H
566 2803 587 2828 e
602 2804 628 2828 n
644 2797 658 2828 t
674 2804 694 2828 z
710 2804 742 2832 e,
773 2790 824 2828 ad
853 2790 875 2828 l.
895 2806 902 2828 ε
936 2790 1292 2833 ,‚Verblendeter.''
