2159 3288
0 1336 16 1409 t
42 1369 131 1408 472.

16 1677 41 1701 σ
72 1663 131 1702 15.

0 1910 19 1935 r
44 1898 132 1936 406.

998 73 1077 114 177

249 199 306 242 In
339 198 526 242 Iliade
558 206 688 254 igitur
721 215 809 242 vox
841 216 924 253 q.e.
960 203 1178 258 δαιμόνιος
1210 201 1424 256 significat
1454 202 1589 245 haec:

245 258 497 304 mirabilem,
546 258 734 305 stultum.
767 270 1061 306 occaecatum,
1094 276 1328 306 morosum.
1362 261 1633 308 abnormem,
1668 269 1879 309 insanum,

188 316 415 363 infelicem,
448 317 728 363 horrendum,
763 318 1002 361 scelestum.

970 401 992 422 *
1081 401 1102 424 ss

1025 431 1047 454 >k

248 479 312 524 Ex
345 480 552 535 Odyssea
583 482 690 524 haec
722 492 820 524 sunt
852 482 1101 525 afferenda:

246 539 469 583 Antinous
515 550 685 584 ceteros
730 557 890 595 procos
933 542 1136 596 superbia
1179 554 1449 589 occaecatos,
1483 542 1733 587 Telemachi
1764 552 1882 588 vitae

188 600 439 642 insidiantes
470 606 699 654 increpans
731 600 953 647 admonet.
986 610 1032 643 ut
1064 602 1243 644 consilia
1275 602 1428 647 celent.
1463 619 1517 646 ne
1538 610 1632 657 quis
1649 611 1880 658 quicquam

189 664 384 701 enuntiet
419 658 460 711 [δ
492 660 575 701 774
609 659 718 713 sq.]:

306 719 527 774 δαιμόνιοι,
576 724 726 771 inquit.
760 719 922 774 μύθους
957 721 1030 776 μὲν
1062 722 1347 775 ὑπερφιάλους
1380 723 1575 765 ἀλέασθε

304 779 464 826 πάντας
500 779 629 832 ὁμῶς,
671 780 725 834 μή
763 780 846 821 πού
880 795 941 828 τις
978 780 1271 835 ἀπαγγείλῃσι
1309 781 1383 822 καὶ
1418 782 1535 824 εἴσω.

246 833 498 877 Admodum
546 836 614 878 ἐπὶ
665 838 786 892 ψόγῳ
831 836 985 878 dicitur
1031 837 1133 879 illud
1177 839 1410 893 δαιμόνιοις
1448 838 1658 892 significat
1691 847 1880 886 insanos,

189 902 335 936 mente
363 902 530 947 captos.
555 894 582 945 1)

248 1008 415 1053 Eadem
462 1009 552 1053 fere
597 1018 813 1053 sententia
861 995 1025 1054 Ulixes⁸
1054 1028 1080 1054 a
1113 1019 1239 1055 sociis
1272 1016 1484 1070 δαιμόνιος
1519 1015 1686 1062 dicitur,
1721 1023 1880 1071 quippe

189 1067 449 1123 quiaCirce
466 1070 661 1123 nympha
692 1076 874 1112 comiter
906 1081 1114 1124 exceptus
1146 1081 1187 1113 et
1220 1079 1384 1125 optime
1417 1084 1591 1117 curatus
1623 1081 1665 1116 in
1698 1083 1881 1129 patriam

189 1128 352 1172 reditus
381 1128 583 1172 videatur
614 1128 826 1171 oblivisci.
862 1128 1014 1172 Ulixes
1045 1130 1101 1172 ad
1132 1129 1365 1174 Alcinoum
1402 1130 1448 1185 [κ
1480 1134 1565 1175 469
1597 1133 1739 1187 sqq.]:

1309 1191 1316 1203 Σ

305 1189 402 1231 ἀλλ’
437 1190 507 1231 ὅτε
541 1190 593 1243 δή
626 1190 660 1244 ῥ’
696 1191 885 1239 ἐνιαυτὸς
920 1192 1008 1244 ἔην,
1041 1196 1192 1243 inquit,
1225 1207 1321 1246 περι
1353 1191 1388 1232 δ’
1424 1194 1609 1247 ἔτραπον
1644 1203 1765 1247 ὼραι,

304 1245 460 1303 [μηνῶν
495 1249 748 1303 φθινόντων,
780 1250 875 1304 περὶ
907 1249 944 1290 δ’
978 1252 1127 1304 ἤματα
1155 1253 1306 1306 μακρὰ
1336 1250 1556 1307 τελέσθη]

309 1308 384 1349 καὶ
415 1309 511 1349 τ’τε
553 1308 595 1362 μ’
630 1309 949 1357 ἐκκαλέσαντες
983 1310 1087 1363 ἔφαν
1122 1310 1282 1364 ἐρίηρες
1317 1311 1494 1364 ἑταῖροι·

305 1366 508 1420 δαιμόνι’,
554 1366 634 1421 ἤδη
664 1370 738 1408 νῦν
771 1369 1011 1422 μιμνήσκεο
1043 1370 1247 1422 πατρίδος
1284 1371 1398 1425 αἴης,

305 1426 346 1467 εἴ
377 1441 443 1467 τοι
475 1426 691 1480 θέσφατόν
725 1426 814 1467 ἐστ’.
845 1430 1067 1480 σαωθῆναι
1104 1427 1176 1470 καὶ
1211 1428 1390 1470 ἱκέσθαι

275 1483 428 1537 ,οἷκον
460 1484 500 1533 ἐς
534 1485 747 1540 ὑψόροφον
780 1487 854 1527 καὶ
888 1487 965 1540 σὴν
1000 1486 1039 1534 ἐς
1072 1487 1258 1540 πατρίδα
1293 1491 1432 1541 γαῖαν.

247 1540 444 1595 Itemque
494 1540 658 1587 Ulixes,
691 1548 884 1597 graviter
916 1543 1061 1585 ferens
1095 1543 1207 1585 Irum
1240 1555 1326 1586 tam
1361 1545 1597 1587 insolenter
1629 1562 1674 1588 se
1707 1552 1881 1592 iactare,

190 1606 262 1654 qui
295 1615 384 1643 non
417 1600 594 1643 meliore
628 1601 804 1643 fortuna
836 1617 966 1654 quam
999 1608 1090 1655 ipse
1125 1601 1276 1645 Ulixes
1309 1613 1455 1645 utatur
1490 1603 1533 1657 [σ
1571 1606 1619 1646 15
1653 1605 1765 1658 sq.]:

307 1661 510 1716 δαιμόνι’,
558 1666 707 1713 inquit,
741 1662 842 1704 οὔτέ
875 1663 914 1704 τί
946 1680 993 1705 σε
1028 1663 1137 1716 ῥέζω
1174 1664 1311 1706 κακὸν
1344 1665 1435 1706 οὔτ’
1471 1666 1687 1719 ἀγορεύω,

309 1720 410 1763 οὔτέ
441 1735 533 1762 τινα
568 1721 740 1775 φθονέω
775 1722 950 1774 δόμεναι
986 1721 1058 1764 καὶ
1090 1722 1218 1763 πόλλ’
1254 1724 1471 1766 ἀνελόντα.
1492 1721 1520 1775 2)

249 1775 411 1831 Neque
456 1777 581 1820 aliter
619 1777 910 1821 Telemachus
942 1794 1103 1831 procos
1135 1795 1224 1822 non
1257 1781 1440 1833 amplius
1472 1788 1625 1823 mentis
1658 1792 1884 1835 compotes

190 1842 386 1890 increpat
419 1834 463 1889 [0-
494 1837 579 1880 406
612 1837 721 1890 sq.]:
1098 1843 1105 1861 ’

367 1897 591 1954 δαιμόνιοι,
639 1900 851 1952 μαίνεσθε
887 1898 961 1939 καὶ
994 1900 1140 1941 οὐκέτι
1174 1901 1357 1941 κεύθετε
1388 1904 1512 1957 θυμῷ

366 1957 531 2011 βρωτὺν
566 1957 661 1999 οὐδὲ
694 1962 874 2012 ποτ-ἦτα·

249 2022 292 2055 et
322 2013 472 2055 addit:
520 2019 676 2058 θεῶν
722 2018 785 2058 νύ
838 2033 928 2065 τις
979 2016 1109 2070 ὔμμ’
1160 2019 1474 2070 ὀροθύνει.

183 2092 189 2094 ·
247 2071 333 2115 Hic
378 2079 482 2116 satis
529 2083 714 2127 apparet
766 2076 1003 2129 δαιμονίους
1047 2075 1130 2116 dici
1162 2090 1322 2127 procos
1355 2078 1521 2130 δαίμονι
1557 2079 1881 2132 κατεχομένους,

191 2140 238 2173 ut
283 2146 442 2185 graece
488 2132 641 2177 dicam,
688 2139 881 2175 insaniae
915 2132 1075 2175 scilicet
1107 2133 1256 2175 divina
1288 2136 1503 2187 quaedam
1536 2141 1602 2176 vis
1633 2146 1788 2177 auctor
1820 2147 1884 2177 est

190 2189 408 2233 habenda.
426 2190 455 2244 3)

246 2312 274 2360 ¹)
303 2310 734 2354 Ameis-Hentze,
764 2312 815 2351 ad
844 2312 866 2350 l.
889 2328 895 2350 :
928 2312 1034 2354 „hiet
1062 2313 1168 2351 stark
1198 2313 1383 2352 tadelnd:
1413 2314 1472 2352 ihi·
1500 2314 1784 2354 Besessenen.”

243 2363 272 2411 ²)
302 2363 341 2402 A
355 2378 393 2402 m
408 2377 431 2402 e
445 2369 457 2402 i
470 2364 552 2404 s-H
567 2378 589 2404 e
602 2379 628 2404 n
641 2373 656 2404 t
670 2379 690 2404 z
705 2379 738 2407 e.
766 2366 818 2404 ad
846 2366 892 2404 1.;
926 2366 1065 2407 „tollet
1094 2365 1245 2405 Kauz.''

244 2415 280 2455 E
294 2415 321 2455 b
335 2416 451 2455 elin
465 2431 501 2467 9,
531 2418 596 2457 o.l.
627 2423 692 2456 i.v.
715 2419 767 2457 ad
795 2418 819 2456 l.
837 2435 844 2456 :
879 2419 1177 2461 „vehementius
1207 2433 1294 2458 cum
1315 2420 1589 2470 indignatione
1606 2421 1882 2470 increpantis.''

245 2470 272 2517 ³)
301 2468 392 2509 Am
406 2483 428 2508 e
443 2475 455 2508 i
469 2469 550 2509 s-H
564 2484 625 2509 en
640 2479 654 2509 t
668 2485 688 2510 z
703 2485 736 2513 e,
766 2472 817 2510 ad
847 2472 894 2510 l.:
928 2472 1010 2514 ..ihr
1033 2472 1221 2510 Tollen.''
1288 2512 1291 2515 ,

244 2521 499 2572 Ebelinq.
541 2523 606 2562 o.l.
636 2529 701 2562 i.v.
732 2525 784 2563 ad
809 2525 857 2563 l.:
901 2525 1201 2566 ..vehementius
1225 2539 1313 2564 cum
1342 2526 1616 2575 indignatione
1645 2532 1885 2577 increpantis

127 2603 132 2606 ψ
190 2575 259 2619 ubi
286 2573 390 2614 falso
417 2589 506 2615 cum
533 2576 652 2616 laude
679 2577 826 2616 dictum
855 2586 969 2626 putat
997 2577 1281 2617 Doederlein.’'

244 2626 380 2667 Schol.
410 2628 451 2667 H
480 2629 532 2667 ad
558 2629 610 2668 L:
640 2629 856 2679 ἓαυμλσιος
883 2634 942 2667 ε’,τὶ
965 2637 1081 2680 κακῷ.

245 2681 311 2720 De
339 2681 565 2721 hominibus
603 2683 746 2722 morbo
785 2691 853 2722 aut
880 2689 1033 2723 insania
1061 2684 1347 2726 laborantibus,
1377 2691 1445 2734 qui
1472 2693 1566 2735 post
1595 2685 1883 2724 Homerum

190 2738 417 2785 μαινόμενοι,
447 2739 710 2786 κατεχόμενοι,
740 2738 1001 2786 δαιμονῶντες,
1029 2738 1323 2787 δαιμονιζόμενοι
1336 2738 1530 2781 dicuntur,
1548 2737 1596 2777 cf.
1627 2738 1882 2777 Tambor-

191 2793 352 2831 -nino.
380 2788 446 2827 o.l.
475 2802 542 2838 pp.
574 2789 755 2831 59—62:
786 2790 879 2828 vide
909 2804 1028 2839 supra
1056 2805 1094 2840 p.
1124 2792 1148 2829 3
1178 2804 1261 2840 sqq.

237 2864 283 2899 T.
307 2865 342 2900 d.
367 2864 410 2900 R.
1796 2869 1836 2902 12
