2159 3288
992 72 1069 113 157

237 202 447 258 Cogitata
493 207 606 243 enim
655 216 819 246 eorum,
868 216 979 254 quos
1025 200 1257 253 loquentes
1300 197 1477 243 inducit,
1523 213 1612 239 non
1644 203 1703 238 ita
1735 202 1875 249 aperit

179 270 325 317 poeta,
358 271 406 303 ut
436 261 550 303 clare
583 275 634 302 ac
666 259 866 301 distincte
898 265 1144 312 perspicere
1176 264 1402 311 possimus,
1437 272 1549 310 quae
1591 262 1657 297 vis
1700 255 1876 308 singulis

178 323 284 365 locis
328 326 430 362 voci
477 322 638 375 δαίμων
673 325 725 360 sit
756 318 1049 360 attribuenda.
1083 316 1243 369 Neque
1275 315 1331 358 ad
1363 315 1721 369 significationem
1754 320 1877 356 vocis

179 395 262 434 q.e.
295 380 471 435 δαίμων,
507 393 648 431 neque
680 377 736 419 ad
768 376 1102 430 discrepantiam
1144 382 1256 417 inter
1299 375 1518 417 vocabula
1563 389 1640 427 q.s.
1688 376 1789 424 θεὸς
1836 382 1878 413 et

180 441 341 494 δαίμων
386 437 472 480 hoc
513 443 658 490 magni
691 435 851 478 referre
885 445 1006 489 puto,
1040 441 1202 488 quippe
1235 449 1346 487 quae
1378 433 1495 487 apud
1546 432 1589 474 H
1609 447 1877 474 omerum

179 504 223 540 in
252 503 454 540 oratione
487 506 607 538 recta
640 501 886 548 promiscue
919 494 1117 536 adhiberi
1151 494 1333 536 soleant.

241 555 461 598 Usener
493 561 583 597 iure
615 554 770 596 dixisse
803 553 904 595 mihi
936 553 1108 595 videtur
1141 552 1273 594 haec:
1308 550 1395 598 ‚‚Es
1412 558 1465 593 ist
1482 550 1611 592 dabei
1629 558 1879 592 unwesent-

180 614 297 660 -lich,
317 614 377 656 ob
396 615 537 655 hinter
554 613 652 655 dem
670 613 846 654 daimon
864 619 933 653 ein
951 612 1198 654 nennbarer
1227 610 1524 664 personlicher
1553 619 1649 663 gott
1676 605 1830 650 steht.’'
1850 607 1877 660 l)

242 725 331 767 Iam
378 740 509 779 supra
555 731 599 766 in
649 723 883 766 prooemio
899 724 928 776 ²)
979 729 1256 776 exposuimus
1302 728 1422 764 viros
1466 721 1624 763 doctos
1667 720 1722 762 de
1756 725 1880 762 vocis

183 786 343 839 δαίμων
376 790 420 825 νί
452 790 597 825 activa
629 793 671 825 et
703 789 878 836 passiva
910 789 1020 824 inter
1052 797 1098 823 se
1130 781 1386 826 dissentire:
1422 779 1741 822 Lehrsium
1773 785 1881 820 acti-

183 859 306 885 -vam
339 852 508 884 tantum
540 849 627 884 vim
661 848 761 883 voci
778 841 1061 885 adiudicasse,
1090 839 1132 881 G
1150 856 1169 881 r
1187 856 1213 881 u
1231 856 1259 893 p
1277 856 1304 893 p
1323 847 1333 880 i
1352 856 1379 881 u
1398 856 1437 880 m
1470 849 1625 881 contra
1642 844 1880 880 coniecisse

183 908 406 956 propriam
438 907 562 943 vocis
587 907 846 942 sententiam
866 906 1086 952 passivam
1105 899 1233 940 fuisse
1252 899 1295 951 3).
1330 896 1420 944 Qui
1439 898 1552 940 idem
1570 904 1880 941 coniecturam,

185 977 315 1015 quam
348 960 402 1002 de
434 966 556 1002 vocis
589 965 756 1012 origine
791 958 891 1000 fecit
920 957 1219 1002 Schrader,
1235 956 1263 1009 4)
1298 957 1410 998 hanc
1428 957 1488 998 ob
1507 972 1594 998 rem
1613 962 1745 1001 reicit,
1763 955 1883 1007 quod

186 1021 380 1075 δαίμονος
415 1024 630 1060 sententia
663 1024 839 1071 passiva
873 1033 923 1058 ea
950 1023 1121 1058 ratione
1151 1015 1353 1069 explicari
1372 1031 1460 1056 non
1478 1022 1628 1068 possit.
1647 1014 1677 1067 5)
1696 1013 1769 1055 Ad
1787 1029 1883 1056 sen-

185 1084 386 1120 -tentiam
405 1092 525 1119 suam
543 1076 885 1119 confirmandam
904 1075 1071 1129 profert
1089 1074 1131 1116 G
1144 1091 1163 1116 r
1176 1091 1243 1127 up
1256 1091 1284 1128 p
1297 1081 1307 1115 i
1321 1090 1346 1115 u
1359 1090 1377 1116 s
1397 1074 1527 1116 haec:
1548 1072 1885 1119 „Thatsachlich

184 1144 350 1180 weisen
379 1135 603 1178 samtliche
638 1134 899 1188 Komposita
934 1131 1265 1189 λακεδαίμ(ι)ν,6)
1298 1130 1631 1190 ὀλβιοῖἷαίμ(ι)ν,7)
1652 1135 1883 1188 εὒδκίμων,

194 1198 488 1254 βαρυδαίμων,
545 1193 803 1249 δυσδαίμών,
864 1196 1160 1248 κακοδαίμων,
1220 1192 1322 1234 eher
1367 1192 1443 1234 auf
1487 1192 1555 1233 die
1610 1190 1884 1243 Bedeutunq.

190 1253 466 1302 „Schicksal”
499 1260 553 1295 im
588 1260 793 1306 passiven
826 1251 932 1294 Sinn
961 1252 1075 1294 hin.'‘
1111 1251 1172 1293 At
1205 1252 1289 1293 hoc
1311 1251 1485 1304 quidem
1508 1256 1680 1292 minime
1699 1259 1884 1292 constat.

189 1313 389 1367 Plerique
421 1319 503 1354 viri
535 1313 653 1354 docti
681 1312 789 1354 haec
806 1311 1385 1364 adiectivaitaintellequnt.
1407 1320 1452 1352 ut
1481 1313 1663 1365 δαίμονα.
1696 1315 1739 1350 in
1773 1309 1888 1350 hisce

187 1378 445 1426 compositis
477 1378 519 1413 in
551 1378 638 1412 vim
674 1378 862 1413 activam
896 1377 1125 1424 accipiant.
1144 1370 1173 1422 8)

188 1484 327 1520 parum
355 1477 551 1510 accurate.
582 1483 710 1518 neque
740 1469 814 1507 sibi
843 1476 1074 1507 constanter
1103 1475 1292 1506 tractasse
1322 1467 1413 1505 mihi
1442 1467 1598 1504 videtur
1627 1466 1694 1504 Kr
1712 1466 1886 1504 ocher.
1954 1476 1958 1493 ⁸

189 1523 253 1563 Cf.
300 1537 418 1572 supra
459 1537 497 1571 p.
534 1523 583 1561 45
622 1536 677 1571 sq.
725 1521 796 1563 Ea,
841 1536 942 1571 quae
985 1526 1240 1570 inquisitione
1283 1521 1334 1558 ad
1375 1520 1488 1558 finem
1518 1519 1709 1568 perducta
1738 1518 1889 1567 profert

192 1577 327 1628 [supra
359 1590 396 1625 p.
431 1576 510 1626 46]‚
542 1581 609 1613 vix
638 1581 726 1613 serii
753 1581 923 1623 speciem
953 1573 1091 1612 afferre
1121 1574 1213 1611 mihi
1242 1574 1436 1611 videntur.
1466 1572 1645 1611 Omnino
1675 1586 1761 1610 eum
1779 1571 1888 1620 fugit,

189 1629 313 1668 verba
358 1643 427 1678 qs.
469 1631 624 1678 δαὶμων,
659 1627 761 1669 Ire-53,
791 1627 885 1669 ἐπὶ,
919 1630 1010 1668 Ζεύς
1038 1633 1076 1665 in
1106 1632 1288 1665 oratione
1318 1635 1424 1664 recta
1453 1631 1678 1674 promiscue
1708 1629 1887 1674 usurpati

190 1683 242 1721 ad
270 1696 417 1720 numen
445 1682 621 1720 divinum
652 1687 877 1719 universum
907 1680 1218 1730 significandum.

243 1735 272 1784 ¹)
303 1735 532 1776 Usener,
575 1748 612 1772 0.
644 1734 666 1772 l.
690 1749 728 1783 p.
763 1735 849 1772 292.
909 1734 936 1781 2)
967 1733 1096 1782 Supra
1127 1747 1193 1781 pp.
1224 1733 1298 1773 30:
1329 1733 1406 1773 32;
1437 1733 1510 1773 332
1541 1733 1615 1773 342
1645 1732 1718 1773 402
1749 1732 1810 1768 43.

246 1790 275 1838 3)
304 1787 424 1830 Quae
449 1787 519 1826 Gr
535 1802 559 1826 u
577 1802 602 1836 p
620 1793 711 1836 piu
728 1801 745 1825 s
780 1787 830 1825 de
859 1787 933 1825 hac
964 1800 1004 1824 re
1033 1792 1193 1824 sentiret
1224 1785 1277 1835 [o.
1301 1785 1322 1823 l.
1357 1785 1398 1826 ΙΙ,
1419 1799 1456 1834 p.
1476 1785 1564 1827 991,
1581 1785 1634 1834 4]‚
1655 1798 1773 1833 supra
1787 1798 1823 1832 p.
1842 1784 1891 1821 33

193 1841 245 1880 ad
273 1841 398 1880 verba
424 1840 598 1879 laudavi.

248 1894 277 1943 Α)
307 1893 484 1932 Reallex.
515 1894 552 1931 d.
581 1893 606 1931 I.
632 1892 682 1932 G.
714 1892 795 1931 ΑΜ.
827 1893 877 1934 k..
908 1907 944 1941 p.
977 1893 1037 1934 29,
1073 1892 1166 1930 vide
1192 1905 1310 1939 supra
1339 1905 1377 1940 p.
1407 1891 1469 1929 36.

249 1948 278 1997 5)
334 1947 403 1986 Bu
420 1961 480 1986 rs.
528 1946 699 1996 Jahresb.
756 1945 1008 1995 SupplemB.
1062 1946 1132 1983 137
1180 1944 1329 1994 [1908].
1372 1958 1409 1993 p.
1454 1945 1529 1982 4⁴14
1577 1942 1615 1981 G
1633 1948 1835 1992 ruppiu
1852 1956 1892 1980 s:

197 1999 439 2044 „Daimon'’,
484 2005 621 2049 inquit,
671 2000 800 2041 „steht
842 2000 943 2037 nach
982 1997 1179 2036 Schrader
1222 1996 1280 2035 fiir
1312 2000 1502 2045 ὄεσσι-μων
1532 1996 1612 2034 und
1641 1996 1896 2034 bezeichnete

195 2053 470 2103 urspriinglich
513 2054 591 2091 den
633 2051 893 2101 Ahnenqeist.
925 2051 1004 2090 Da
1050 2051 1139 2089 die
1182 2056 1384 2089 zweite
1414 2049 1748 2098 Bedeutunq
1787 2061 1895 2086 von

195 2106 403 2156 δαὶμων
463 2105 829 2149 „SchicksaL”
900 2105 988 2142 die
1044 2103 1185 2142 nach
1244 2103 1504 2141 Ausweis
1562 2102 1897 2140 s'amtlicher

197 2158 536 2208 Komposita
577 2159 699 2207 (Hdb.
729 2159 819 2200 991,
863 2160 900 2207 4)
931 2171 1102 2206 soqar
1126 2157 1212 2194 die
1240 2155 1689 2204 urspriinqliche
1718 2167 1895 2204 qewe-

197 2226 315 2250 -sen
361 2226 422 2250 zu
457 2217 579 2250 sein
621 2212 860 2253 scheint‚
901 2209 996 2249 auf
1035 2211 1245 2248 diesem
1282 2208 1463 2258 Weqe
1492 2208 1650 2246 nicht
1678 2207 1897 2245 erklart

198 2264 419 2304 werden
448 2265 604 2306 kann,
634 2270 706 2302 ist
735 2264 895 2302 diese
925 2263 1237 2312 Ableitunq
1267 2259 1645 2300 abzulehnen.''

252 2319 281 2367 6)
313 2317 556 2366 Gruppe.
602 2316 671 2356 Gr.
713 2317 848 2366 Myth.
879 2332 915 2355 u.
945 2316 1070 2366 Retg.
1101 2316 1127 2357 Ι,
1155 2329 1193 2364 p.
1232 2316 1316 2357 161.
1346 2315 1395 2352 6:
1426 2328 1533 2357 ⁷,von
1562 2318 1704 2351 λακεῖν.
1739 2317 1896 2362 sensim

198 2384 283 2409 von
314 2369 552 2412 δάσσασὲῑαι,
581 2370 792 2419 eiqentlich
836 2369 1034 2412 „Antea”
1075 2368 1537 2417 Bedeutunqsijberqanq
1575 2372 1651 2405 wie
1692 2366 1757 2404 bei
1791 2371 1898 2415 μοῖρα

200 2439 235 2462 u.
263 2429 324 2473 ἐς.
359 2423 482 2465 shai‚''
511 2437 590 2472 qua
613 2424 663 2461 de
689 2437 793 2461 voce
821 2423 1026 2472 Aegyptia
1055 2421 1104 2460 cf.
1135 2421 1173 2459 N
1194 2428 1217 2459 'a
1232 2435 1255 2470 q
1271 2420 1317 2459 el
1335 2434 1353 2459 s
1368 2421 1393 2459 b
1411 2435 1433 2458 a
1448 2434 1470 2459 c
1483 2420 1570 2458 h-A
1587 2435 1612 2458 u
1627 2427 1641 2457 t
1657 2433 1678 2458 e
1692 2433 1717 2457 n
1732 2424 1773 2457 ri
1791 2432 1812 2457 e
1830 2426 1844 2456 t
1860 2419 1896 2460 h.

200 2490 238 2515 o.
278 2476 301 2514 l.
346 2475 521 2524 Anhang
559 2475 642 2514 No.
686 2477 748 2514 94.

252 2529 281 2578 ⁷)
315 2531 342 2565 Γ
376 2530 459 2567 182.
491 2528 568 2567 Eb
586 2529 700 2567 elin
719 2543 755 2576 9,
787 2528 863 2567 o.l.
898 2533 1047 2566 i.v.s1·e
1075 2532 1217 2566 vertit:
1256 2532 1343 2569 „cui
1368 2540 1513 2564 numen
1544 2525 1664 2567 favet,
1693 2530 1732 2563 in
1755 2525 1898 2563 dessen

201 2582 337 2621 Leben
369 2587 456 2620 eine
491 2587 674 2630 qiinstige
715 2581 902 2620 Gottheit
934 2580 1109 2619 waltet.''
1159 2580 1268 2618 Vide
1297 2593 1419 2629 supra
1453 2593 1491 2629 p.
1526 2580 1589 2621 33,
1620 2579 1654 2616 2.
1686 2578 1897 2628 εὐδαιμσνὶη

179 2635 344 2685 41Ε9ὶῐωῐ
372 2635 408 2673 h.
442 2634 510 2676 XI,
544 2634 566 2673 5
591 2633 803 2684 [ΑΙΙεη].

257 2689 285 2738 8)
315 2687 743 2726 Ameis-Hentze
785 2687 837 2725 ad
868 2689 893 2722 Γ
930 2687 1002 2725 182
1032 2693 1222 2724 annotat:
1271 2688 1899 2735 ‚‚0¹).f310'3a[law-gottqeseqneter,

202 2741 347 2780 dessen
376 2740 510 2779 Gliick
537 2754 622 2778 von
650 2740 728 2778 den
757 2739 931 2778 Gottern'
960 2738 1136 2789 qepfleqt
1167 2739 1305 2777 wird.''

257 2793 1030 2843 N'aqelsbach-Autentieth,
1070 2806 1107 2831 0.
1143 2791 1167 2831 l.
1197 2806 1235 2841 p.
1264 2792 1337 2830 75:
1371 2793 1582 2841 ,‚r)cc1s.w‘710c,·
1606 2796 1655 2829 ist
1681 2790 1744 2828 die
1777 2788 1900 2837 allge-
