2125 3288
1091 94 1146 135 48

325 222 371 264 Ρ.
406 224 491 265 369
524 222 658 264 haec:
695 221 879 269 „Wenn
912 221 1005 263 also
1038 221 1115 263 der
1150 220 1333 263 Dichter
1366 221 1443 264 der
1475 220 1683 275 Apoloqe
1723 237 1813 264 von
1847 225 1963 275 θεὸς,

267 283 441 338 δαίμων,
491 283 588 325 θεοί
636 281 744 323 oder
779 283 880 330 Ζεύς
917 280 1091 333 spricht,
1126 296 1240 322 muss
1273 280 1349 322 der
1383 279 1514 322 Leser
1547 296 1623 322 aus
1656 286 1798 322 seiner
1830 280 1967 322 durch

262 340 331 382 die
364 340 568 382 frtiheren
603 338 802 382 Partieen
835 339 911 380 des
945 337 1183 381 Gedichtes
1227 354 1535 392 gewonnenen
1584 338 1820 381 Kenntniss
1878 339 1965 382 den

262 398 438 441 Namen
486 398 562 440 des
608 397 917 440 individuellen
965 395 1125 439 Gottes
1169 403 1414 450 erganzen;
1462 413 1592 439 wenn
1640 398 1710 439 die
1759 397 1963 440 Gottheit

264 457 507 500 freundlich
537 463 709 510 qesinnt
743 462 807 500 ist,
841 456 975 497 heisst
1007 462 1066 497 sie
1098 454 1286 501 Athene,
1320 471 1449 498 wenn
1476 455 1677 497 feindlich
1698 455 1963 499 Poseidon.'’

324 516 449 558 Haec
496 522 640 568 maqni
672 513 941 556 aestimanda
983 529 1075 556 esse
1115 521 1159 556 in
1192 514 1455 556 carminibus
1488 520 1619 567 epicis
1653 515 1962 560 examinandis,

262 590 391 617 nemo
425 578 513 616 non
547 573 772 615 concedet.
809 572 849 614 Is
881 579 952 625 qui
985 572 1094 615 haec
1126 573 1485 618 consideraverit,
1520 579 1611 614 iure
1644 583 1837 625 quaeret,
1863 590 1964 615 num

262 642 377 675 recte
424 633 679 675 iudicaverit
723 630 970 673 Finsler
1017 631 1072 673 de
1117 647 1196 673 usu
1237 631 1556 673 vocabulorum
1591 632 1751 687 δαίμων
1788 641 1831 674 et
1866 636 1962 683 θεός

261 698 302 733 in
335 698 536 734 oratione
571 700 702 733 recta.
722 690 749 743 1)
1422 702 1423 705 ’

320 808 445 850 Haec
477 814 624 850 omnia
655 823 751 849 cum
784 807 840 849 ad
873 813 1100 860 sequentia
1130 822 1219 849 non
1237 813 1362 861 parvi
1379 806 1474 848 fore
1492 812 1699 848 momenti
1715 806 1963 853 arbitrarer,

260 868 391 921 paulo
423 867 600 909 uberius
632 873 829 912 tractavi,
864 882 1127 919 quamquam
1161 872 1429 919 superiorem
1460 865 1644 918 longius,
1664 881 1792 918 quam
1810 866 1963 908 volue-

259 933 371 971 -rim,
406 925 574 968 fluxisse
607 931 852 968 orationem
886 941 975 967 non
1008 941 1138 979 neqo.

318 986 365 1026 In
397 985 710 1037 disquisitione,
745 1000 853 1038 quas
871 984 924 1026 de
943 983 1185 1026 Homerico
1200 983 1417 1026 daemone
1436 989 1616 1036 exposui
1634 989 1961 1029 sententiarum,

258 1043 413 1086 eodem
460 1043 551 1086 fere
596 1045 864 1086 revolvimur
911 1052 1043 1096 atque
1088 1049 1132 1084 in
1179 1042 1467 1085 examinanda
1499 1049 1703 1085 universa
1735 1042 1963 1084 daemonis

258 1102 586 1157 significatione.

319 1161 366 1203 In
400 1168 700 1215 quaestionem
733 1160 937 1203 vocanda
970 1170 1069 1202 sunt
1101 1160 1208 1202 haec
1227 1177 1234 1201 z

312 1236 463 1273 quae
495 1227 571 1262 sit
604 1220 765 1273 apud
800 1219 1119 1262 Homerum
1154 1225 1406 1272 propria
1436 1221 1698 1274 δαίμονος
1734 1227 1961 1264 natura;

315 1290 512 1321 utrum
544 1282 773 1335 δαίμων
817 1278 1158 1332 significet
1190 1287 1423 1320 certum
1457 1277 1755 1330 quendam
1789 1277 1960 1319 deum

257 1354 328 1380 an
376 1345 684 1380 incertum
718 1353 929 1380 numen
959 1337 1262 1381 divinum;

315 1413 462 1450 quae
496 1403 659 1439 ratio
692 1396 1050 1438 intercedat
1082 1402 1244 1437 inter
1275 1397 1535 1449 δαίμονα
1567 1404 1620 1436 et
1656 1400 1683 1437 θ
1706 1397 1825 1440 eom

313 1466 513 1498 utrum
542 1471 736 1509 porro
768 1461 903 1497 voci
937 1458 1160 1509 δαίμων
1195 1460 1335 1495 insit
1367 1459 1451 1495 vis
1485 1459 1722 1506 passiva
1754 1468 1956 1497 necne;

310 1514 578 1568 denique
625 1524 822 1556 utrum
856 1516 1000 1569 δαίμ
1022 1532 1089 1556 ων
1123 1519 1198 1555 sit
1227 1528 1443 1554 numen
1475 1511 1856 1554 benevolum
1890 1527 1958 1553 an

255 1580 266 1615 i
284 1590 311 1615 n
329 1574 380 1616 fe
401 1590 427 1615 n
446 1589 464 1615 s
480 1590 506 1615 u
525 1590 578 1615 m.

314 1631 361 1674 In
409 1633 490 1675 hac
534 1632 831 1686 disputatione
875 1637 1109 1685 praecipue
1153 1631 1195 1672 id
1228 1646 1328 1684 ago,
1363 1639 1408 1671 ut
1442 1645 1493 1672 ex
1525 1629 1677 1671 litteris
1710 1635 1812 1682 ipsis
1846 1637 1888 1671 et
1935 1644 1958 1671 e

253 1692 490 1734 verborum
538 1700 745 1733 contextu
789 1706 890 1732 usus
930 1706 981 1732 ac
1014 1689 1272 1743 significatio
1305 1695 1429 1731 vocis
1462 1705 1502 1742 q.
1523 1705 1558 1730 e.
1591 1690 1753 1744 δαίμων
1788 1687 1957 1741 planius

253 1760 559 1804 cognoscatur.
577 1751 606 1802 2)
655 1749 754 1792 Hac
802 1756 985 1794 ratione,
1035 1764 1147 1802 quae
1195 1748 1251 1790 ad
1284 1748 1326 1790 id
1360 1754 1568 1801 temporis
1601 1753 1725 1789 nimis
1758 1746 1959 1801 neglecta

253 1825 346 1851 esse
378 1809 562 1855 videtur,
599 1808 642 1850 H
662 1825 689 1851 o
708 1826 747 1850 m
766 1815 845 1850 eri
878 1809 984 1850 locis
1015 1807 1211 1850 subtilius
1241 1813 1507 1853 examinatis,
1541 1806 1634 1848 fore
1667 1815 1713 1848 ut
1747 1806 1956 1848 nonnulla

253 1868 396 1911 adhuc
429 1875 594 1911 incerta
627 1874 858 1922 perspicua
891 1867 996 1909 fiant
1028 1882 1172 1920 spero.

312 1926 441 1974 Quae
474 1927 528 1970 de
561 1942 672 1969 voce
704 1943 787 1980 q.e.
824 1929 985 1983 δαίμων
1019 1925 1242 1980 praefatus
1259 1941 1351 1968 sum
1369 1924 1483 1967 hunc
1500 1924 1694 1967 habeant
1711 1929 1953 1966 terminum.

308 2603 314 2623 l

305 2604 332 2702 2}
359 2600 670 2694 ἓῗῗῐῖῗεέἕὰ
714 2655 942 2699 Geren,
986 2657 1204 2698 Methodik
1247 2659 1759 2710 [Geren-Norden
1801 2659 1878 2697 0.1.
1916 2659 1949 2697 12

249 2707 408 2757 (1912)]‚
439 2722 475 2756 p.
508 2709 579 2746 57:
613 2708 716 2751 „Die
745 2709 1292 2759 sprachlich-qrammatische
1318 2713 1553 2763 Auslequnq
1569 2719 1618 2752 ist
1633 2713 1696 2751 die
1714 2712 1949 2761 Grundlaqe

247 2758 718 2862 zealltisdgxgersstfindnisses,
757 2763 847 2800 weil
875 2777 948 2801 nur
975 2764 1038 2801 die
1069 2763 1246 2813 Sprache
1275 2766 1352 2805 den
1384 2766 1598 2805 Ausdruck
1627 2766 1696 2804 der
1723 2765 1948 2804 Gedanken
