2159 3288
973 84 1053 125 165

222 214 537 267 Δαίμονος
587 216 910 264 propriam
972 220 1258 253 naturam
1322 210 1685 253 hominibus
1746 226 1862 253 non

162 269 653 313 esseinfensam
706 284 962 323 nequea
1001 275 1154 314 θεοῦ
1202 279 1426 312 natura
1461 269 1860 323 discrepare:

163 344 232 371 eo
281 343 448 374 vero,
496 328 660 381 quod
693 330 927 384 δαίμων
975 335 1155 383 magis
1198 328 1864 383 magisquefatiacci-

161 394 318 440 -piat
366 394 774 432 sententiam,
808 387 968 440 quod
1001 397 1256 429 mortem
1290 386 1862 430 afferatformido-

162 445 390 492 -losam.
434 453 529 488 cui
563 461 775 488 omnes
808 452 935 488 sint
969 446 1265 491 subiecti,
1300 461 1566 489 crescere
1599 448 1861 502 δαίμονος

162 511 280 547 vim
323 504 769 557 horrendam.¹)
1339 523 1347 529 ·

220 562 401 606 Nihil
444 580 638 616 porro
680 570 1043 617 argumenti
1076 563 1320 605 afferre
1354 570 1632 605 carmina
1665 569 1860 617 epica,

159 637 266 664 cur
298 622 693 665 arbitremur
726 624 1023 680 δαίμονας
1060 638 1196 665 esse
1230 632 1590 665 mortuorum
1623 629 1860 664 animas.

949 692 970 716 ss
1059 693 1080 716 >k

1003 722 1024 745 ss

566 773 605 816 C
653 775 722 817 de
772 774 1033 828 Hymnis
1083 774 1461 817 Homericis.

220 859 285 903 Ea
332 861 534 915 denique,
583 878 695 914 quae
743 877 795 904 ex
844 861 1033 914 Hymnis
1082 861 1342 906 Homericis,
1388 868 1461 915 qui
1503 871 1648 905 aetate
1682 862 1860 905 multum

159 927 272 963 inter
305 936 351 963 se
383 920 649 973 differunt.²)
682 930 781 963 sunt
815 919 1051 965 afferenda,
1083 920 1276 962 breviter
1307 921 1374 962 hic
1407 936 1637 974 exponam.

219 978 443 1022 Numerus
474 979 650 1033 pluralis
682 985 804 1021 vocis
837 995 918 1032 q.e.
953 982 1126 1035 δαίμων,
1161 979 1217 1020 ad
1239 979 1348 1021 deos
1367 986 1597 1022 universos
1616 980 1860 1034 significan-

158 1038 275 1083 -dos,
309 1039 447 1081 tribus
477 1045 696 1080 invenitur
728 1038 860 1080 locis:

218 1096 258 1138 h.
275 1104 317 1139 in
335 1095 436 1139 Cer.
455 1096 526 1150 [II.
547 1096 614 1139 ed.
634 1095 831 1150 Allen],
852 1097 936 1138 337
968 1112 1062 1149 sqq.
1096 1095 1216 1138 Zeus
1236 1095 1430 1139 Hermen
1448 1097 1503 1139 ad
1521 1096 1689 1140 Orcum
1708 1104 1859 1140 mittit:

335 1157 428 1212 ὄφρ’
464 1157 619 1213 Ἀΐδην
654 1161 896 1211 μαλακοῖσι
928 1158 1251 1211 παραιφάμενος
1288 1158 1479 1200 ἐπέεσσιν

340 1217 470 1271 ἁγνὴν
510 1217 823 1271 Περσεφόνειαν
860 1215 943 1257 ἀπὸ
977 1216 1106 1270 ζόφου
1145 1217 1365 1270 ἠερόεντος

337 1276 376 1325 ἐς
410 1278 521 1330 φάος
554 1276 765 1330 ἐξαγάγοι
798 1276 910 1329 μετὰ
943 1275 1156 1330 δαίμονας,
1192 1289 1255 1326 sq.
1272 1273 1302 1326 3)

216 1379 258 1422 h.
292 1385 336 1422 in
368 1378 455 1432 Ap.
493 1378 605 1433 [III].
645 1380 695 1421 lO
729 1395 848 1432 sqq.:

325 1444 385 1494 τῷ
419 1440 455 1480 δ’
493 1442 574 1494 ἄρα
608 1437 820 1492 [Apollini
854 1437 930 1491 se]
972 1440 1132 1494 νέκταρ
1169 1441 1310 1481 ἔδωκε
1342 1442 1483 1495 πατὴρ
1519 1441 1644 1482 δέπαϊ
1676 1441 1859 1496 χρυσείῳ

336 1499 605 1552 δεικνύμενος
647 1500 766 1553 φίλον
799 1499 905 1549 υἱόν,
940 1501 1090 1541 ἔπειτα
1123 1499 1167 1541 δὲ
1203 1500 1395 1552 δαίμονες
1434 1502 1559 1542 ἄλλοι

338 1559 443 1599 ἔνθα
482 1559 753 1607 καθίζουσιν·

215 1661 257 1703 h.
290 1668 333 1703 in
368 1660 512 1704 Merc.
548 1660 666 1715 [IV],
701 1662 780 1703 381
821 1660 1007 1703 Hermes
1039 1660 1095 1702 ad
1130 1660 1279 1703 Iovem
1313 1671 1503 1715 patrem:

334 1720 506 1764 Ἠέλιον
541 1723 585 1766 δὲ
619 1722 722 1777 μάλ’
764 1722 975 1776 αἰδέομαι,
1012 1727 1164 1773 inquit,
1203 1722 1274 1764 καὶ
1309 1724 1510 1776 δαίμονας
1548 1724 1717 1771 ἄλλους,

212 1836 394 1880 Certum
427 1837 556 1880 deum
589 1837 803 1892 significat
835 1840 1001 1893 δαίμων
1021 1855 1028 1880 ;
1050 1837 1078 1890 ³)

216 1896 257 1938 h.
291 1903 333 1939 in
368 1896 512 1939 Merc.
549 1896 667 1951 [IV]‚
707 1898 785 1939 138
819 1913 882 1950 sq.
918 1896 1116 1939 Hermen
1147 1903 1206 1938 sic
1237 1896 1400 1939 inducit
1432 1903 1591 1950 poeta:

340 1958 474 2012 αὐτὰρ
511 1959 603 2000 ἐπεί
635 1975 702 2000 τοι
734 1960 873 2000 πάντα
913 1959 1027 1999 κατὰ
1062 1958 1183 2012 χρέος
1217 1959 1346 2012 ἤνυσε
1377 1958 1540 2011 δαίμων

329 2017 522 2059 σάνδαλα
553 2018 625 2072 μὲν
663 2017 873 2072 προέηκεν
908 2017 947 2066 ἐς
983 2016 1189 2071 Ἀλφειὸν
1229 2017 1480 2072 βαθυδίνην,

213 2108 241 2155 1)
270 2106 466 2156 Maury,
496 2107 561 2146 0.l.
594 2107 619 2149 Ι,
637 2122 674 2156 p.
693 2108 791 2146 256:
826 2107 888 2150 ..la
910 2107 1075 2145 divinite
1091 2113 1273 2156 apparait
1287 2120 1441 2145 comme
1457 2121 1509 2144 un
1531 2113 1611 2145 etre
1625 2106 1861 2145 redoutable

154 2164 224 2208 qui
261 2159 411 2209 frappe‚
442 2166 508 2209 qui
549 2166 673 2209 punit,
704 2166 771 2209 qui
796 2166 880 2198 nuit
910 2168 948 2198 et
977 2166 1042 2209 qui
1069 2166 1286 2209 persecute,
1317 2160 1406 2208 plus
1432 2173 1577 2198 encore
1602 2174 1678 2209 que
1705 2173 1860 2198 comme

157 2226 212 2250 un
255 2218 335 2251 etre
375 2212 614 2252 bienfaisant
649 2219 715 2262 qui
741 2219 920 2263 protege,
950 2227 1146 2252 conserve
1176 2221 1214 2251 et
1243 2211 1399 2251 defend.
1438 2212 1502 2251 En
1532 2212 1636 2255 effet,
1667 2226 1721 2251 on
1749 2226 1859 2251 com-

157 2278 314 2304 -mence
352 2280 424 2314 par
452 2266 631 2305 craindre
660 2266 777 2308 Dieu,
808 2274 931 2304 avant
959 2266 1009 2304 de
1040 2266 1062 2304 l'
1094 2266 1251 2304 aimer.''
1281 2287 1325 2297 —-
1367 2265 1623 2315 Quamquam
1655 2279 1738 2304 non
1766 2266 1860 2305 dico

157 2331 321 2367 prorsus
349 2333 411 2357 me
439 2319 538 2358 haee
566 2319 750 2369 probare.

213 2370 240 2419 ²)
267 2371 332 2410 De
372 2372 530 2421 hymnis
566 2371 643 2410 cf.:
684 2372 877 2421 Bergk.
918 2372 983 2410 o.l.
1025 2386 1091 2421 pp.
1139 2373 1358 2410 743—771.
1406 2371 1599 2414 Cuntz,
1643 2371 1709 2410 o.l.
1750 2387 1788 2421 p.
1822 2373 1856 2411 8.

159 2423 350 2467 Ukert,
381 2425 446 2463 o.l.
477 2439 513 2474 p.
553 2426 636 2463 143.
667 2425 707 2462 N
729 2426 1032 2467 euh‘auser„
1052 2424 1116 2463 o.l.
1147 2439 1185 2474 p.
1211 2426 1272 2463 23.

211 2477 543 2520 Fairbanks,
586 2478 651 2517 0.l.
694 2493 731 2527 p.
777 2479 865 2517 232.
909 2478 1213 2527 Campbell,
1259 2478 1325 2516 o.l.
1372 2492 1409 2527 p.
1445 2478 1518 2516 116
1544 2492 1628 2527 sqq.
1657 2477 1858 2516 Bethe-

157 2529 509 2573 Wendland,
540 2531 605 2569 o.l.
636 2545 674 2580 p.
706 2532 793 2569 288.
824 2530 1284 2573 Christ-Schmid,
1315 2531 1451 2573 0.l.1⁶‚
1482 2545 1549 2580 pp.
1584 2532 1802 2570 102—106.

166 2626 169 2627 ⁷
211 2597 249 2621 v.
281 2583 343 2621 W
361 2589 371 2622 i
389 2584 439 2622 la
456 2598 493 2622 m
508 2597 534 2622 o
552 2584 751 2622 witz—M
767 2597 793 2622 o
809 2584 920 2622 elle
936 2598 961 2622 n
979 2584 1005 2622 d
1020 2598 1046 2622 o
1064 2599 1080 2622 r
1096 2583 1148 2626 ff.
1174 2584 1254 2622 Die
1283 2583 1542 2623 Griechische
1571 2584 1765 2623 Literatur
1788 2584 1858 2622 des

156 2636 376 2675 Altertums
406 2636 565 2687 [Kultur
592 2637 662 2675 der
690 2636 937 2686 Geqenwart
965 2637 992 2679 l,
1022 2638 1064 2675 83
1094 2637 1260 2687 (1912)].
1295 2652 1334 2686 p.
1365 2638 1414 2675 23
1434 2651 1491 2686 sq.
1515 2637 1554 2676 -L
1572 2637 1636 2676 fib
1655 2637 1760 2680 ker,
1791 2637 1856 2676 o.l.

156 2695 222 2728 i.v.
253 2689 467 2728 Homeros.
500 2689 547 2728 K.
578 2690 776 2732 Witte,
807 2689 916 2740 Sinq.
946 2705 982 2728 u.
1014 2689 1084 2732 Pl..
1115 2705 1182 2739 pp.
1217 2691 1434 2729 159—168.

211 2744 227 2766 3
319 2748 324 2753 .

213 2744 240 2844 43
269 2743 528 2834 {fl-deffiiuffizz
542 2743 710 2845 ηρὲὲἔῙΙ.
741 2802 832 2838 i.v.;
863 2810 982 2845 supra
1011 2811 1048 2845 p.
1085 2796 1208 2839 1562.
