2159 3288
995 94 1075 136 197

247 223 462 278 Insignem
509 238 604 266 esse
651 232 837 277 apparet
882 222 1221 276 discrepantiam
1266 228 1377 264 inter
1409 237 1534 264 usum
1566 220 1884 264 vocabulorum

187 299 301 337 quae
331 292 431 325 sunt
462 283 628 339 δαίμων
662 291 705 325 et
738 285 862 333 θεὸς,

243 340 488 384 Abundant
520 347 634 383 enim
666 347 889 394 utriusque
907 346 1108 383 carminis
1123 355 1275 383 versus
1293 345 1425 382 variis
1442 345 1564 381 vocis
1584 341 1682 390 θεὸς
1700 338 1884 383 casibus,

186 407 297 442 inter
339 415 451 454 quos
496 406 704 454 imprimis
737 399 993 442 numerandi
1024 409 1121 442 sunt
1154 415 1269 441 nom.
1304 405 1413 453 sing.
1447 401 1561 450 θεὸς,
1597 406 1741 451 genet.
1775 404 1884 452 sinq.

187 464 294 503 θεοῦ
341 468 384 501 et
430 464 569 512 θεοῖο,
617 474 734 501 nom.
783 458 840 512 pl.
888 460 998 504 θεοί,
1048 467 1192 512 genet.
1238 457 1294 511 pl.
1344 462 1469 503 θεῶν,
1518 456 1607 498 dat.
1650 457 1706 510 pl.
1755 460 1884 508 θεοῖς,

187 515 423 573 θεοῖσι(ν);
457 527 690 571 praeterea
730 532 847 560 nom.
882 523 990 572 sing.
1021 520 1105 561 θεά
1139 527 1181 559 et
1213 526 1358 571 genet.
1392 517 1448 570 pl.
1482 518 1643 559 θεάων.

247 575 421 620 Omnes
452 577 531 619 has
563 576 726 619 formas
759 592 970 630 perquam
1001 583 1228 630 appositas
1261 591 1356 618 esse
1384 575 1441 618 ad
1473 574 1711 629 explendas
1743 579 1888 615 varias

188 635 426 678 hexametri
454 636 579 678 sedes
611 642 907 688 unusquisque
940 635 1169 677 concedet.
1186 633 1372 677 Formae
1395 637 1491 686 θεὸς
1511 643 1554 676 et
1575 637 1684 679 θεὸν,
1704 648 1886 686 quarum

189 694 364 737 ultimae
395 694 591 748 syllabae
623 701 842 748 positione
871 694 1185 748 producuntur,
1216 694 1243 747 ¹)
1291 700 1334 736 in
1382 694 1493 736 thesi
1536 702 1639 735 ante
1686 692 1887 734 vocalem

188 759 359 808 positae
407 753 703 807 pyrrhichium
751 752 953 798 efficiunt,
993 753 1183 795 iambum
1218 768 1326 796 vero
1359 762 1461 795 ante
1495 767 1737 794 consonam
1770 760 1814 793 et
1844 756 1888 792 in

189 819 274 855 arsi
320 821 423 855 ante
471 812 728 866 particulam
780 815 838 863 ὥς
873 817 1043 866 positae
1074 812 1192 864 [θεὸς
1225 815 1309 863 ὤςι
1348 815 1380 855 Γ
1413 812 1511 856 230,
1548 814 1585 853 Λ
1619 811 1687 855 58,
1721 812 1743 861 ξ
1777 810 1887 854 205;

196 874 294 915 θεὸν
331 874 412 923 ὤςῑ
461 874 478 916 Ι
519 872 612 917 155.
660 872 760 917 297,
810 871 908 916 302,
958 870 1015 920 (M
1051 872 1158 923 176),
1203 874 1243 914 Χ
1275 871 1374 915 434,
1404 890 1422 914 ε
1458 871 1526 914 36,
1562 889 1586 925 τ,
1620 871 1688 915 71,
1724 873 1753 911 θ
1794 869 1886 914 173.

190 950 214 973 τ
246 931 344 976 280,
394 929 439 986 (ψ
482 931 612 983 339)],
656 930 776 983 quod
809 929 923 971 idem
959 928 1004 970 fit
1036 935 1079 972 in
1112 930 1253 972 forma
1284 933 1384 980 θεός
1417 936 1459 971 in
1492 935 1576 970 arsi
1610 934 1754 981 posita
1786 936 1888 969 ante

190 989 392 1032 vocalem
424 989 478 1035 [Γ
511 990 610 1034 381.
645 991 691 1032 Ψ
721 987 883 1041 44412)

248 1046 366 1090 Usus
412 1053 605 1101 genetivi
652 1047 881 1100 singularis
925 1051 1044 1091 θεοῦ,
1089 1053 1160 1100 qui
1194 1046 1385 1089 iambum
1419 1045 1548 1088 efficit
1580 1055 1668 1091 aut,
1702 1052 1745 1087 in
1780 1045 1889 1087 thesi

190 1116 292 1148 ante
323 1105 524 1149 vocalem
572 1112 752 1160 positus,
799 1105 1108 1159 pyrrhichium,
1157 1115 1342 1160 augetur
1381 1104 1634 1147 adhibendo
1682 1110 1890 1159 genetivo

191 1171 319 1219 epico
351 1169 488 1212 θεοῖο,
524 1171 610 1218 qui,
644 1164 995 1218 amphibrachyn
1030 1164 1232 1211 efficiens,
1267 1165 1522 1207 hexametro
1547 1170 1793 1217 aptissimus
1826 1172 1891 1207 est

191 1223 475 1277 habendus.³)

249 1281 471 1326 Omnibus
503 1282 621 1328 locis.
656 1297 744 1324 uno
778 1282 1024 1336 excepto,⁴)
1072 1289 1209 1336 quinti
1255 1282 1378 1336 pedis
1426 1283 1564 1324 thesin
1612 1290 1655 1323 et
1698 1280 1890 1322 ultimam

190 1358 342 1385 versus
373 1342 521 1385 sedem
554 1350 743 1394 occupat
780 1346 914 1385 θεοῖο.

251 1399 616 1455 Frequentissime
651 1400 792 1442 thesin
826 1400 949 1453 pedis
981 1407 1093 1442 tertii
1126 1410 1168 1442 et
1199 1407 1314 1443 arsin
1347 1399 1470 1453 pedis
1503 1405 1645 1452 quarti
1674 1407 1893 1452 occupant

193 1460 360 1503 formae
413 1465 499 1516 θεῷ
534 1460 632 1512 (ll),
667 1462 761 1503 θεοί
794 1459 922 1512 (113),
957 1458 1193 1502 efficientes
1225 1459 1417 1502 iambum
1450 1468 1537 1504 aut.
1572 1465 1614 1499 in
1648 1458 1756 1500 thesi
1789 1466 1891 1499 ante

168 1534 170 1536 ·
195 1519 396 1562 vocalem
430 1525 614 1573 positae.
649 1518 962 1572 pyrrhichium,
1000 1522 1110 1562 θεῶν
1143 1518 1272 1572 (131),
1298 1524 1413 1569 θεοῖς
1433 1518 1532 1570 (24),
1555 1519 1680 1569 θεοὺς
1701 1516 1799 1569 (16),
1820 1523 1892 1570 qui
1947 1521 1949 1526 ’

191 1578 383 1621 iambum
431 1577 634 1621 efficiunt.
681 1577 798 1620 Idem
848 1577 966 1620 valet
1006 1584 1047 1619 in
1082 1593 1197 1620 nom.
1242 1584 1350 1632 sinq.
1395 1579 1476 1620 θεά.
1512 1574 1605 1629 [vsa
1637 1575 1785 1629 (110)],
1819 1581 1892 1629 qui

193 1653 428 1691 numquam
457 1644 500 1679 in
533 1637 643 1679 thesi
675 1636 845 1690 legitur,
880 1646 922 1679 et
955 1646 1099 1690 genet.
1134 1643 1243 1690 sinq.
1282 1642 1383 1688 θεᾶς
1417 1637 1465 1682 Ι,
1491 1634 1501 1677 s
1548 1635 1633 1688 (9)].

252 1694 423 1740 Formis
470 1711 584 1750 quae
628 1706 727 1738 sunt
777 1700 921 1739 θεοῖσι.
965 1695 1049 1747 (γ’
1073 1696 1131 1747 ν),
1182 1701 1345 1739 θεοῖσιν
1387 1695 1433 1747 (Ἢ
1463 1695 1470 1703 ’
1498 1734 1524 1740 v
1559 1693 1690 1747 a.v.),
1726 1695 1895 1737 θέαιναι

195 1755 368 1809 (ῌᾼᾼ,
412 1758 560 1800 θεάων
577 1753 605 1807 ⁵)
639 1753 677 1806 (-
702 1754 734 1797 ζ
767 1755 810 1806 A),
846 1754 1026 1811 θεῇσι(ν)
1060 1754 1103 1807 (,
1133 1755 1140 1764 ’
1165 1755 1211 1807 -)
1244 1761 1515 1808 potissimum
1549 1759 1708 1796 exitum
1741 1768 1894 1795 versus

194 1814 369 1869 expleri,
401 1814 527 1857 facile
558 1813 838 1869 intellegitur.

251 1872 376 1916 Haec
408 1873 462 1916 de
495 1889 573 1916 usu
603 1879 725 1916 vocis
758 1889 798 1926 q.
818 1888 853 1914 e.
893 1875 990 1924 θεός
1025 1879 1275 1926 exposuisse
1310 1879 1412 1915 satis
1444 1878 1509 1914 sit.

251 1989 455 2045 Sequitur
496 2000 543 2033 ut
584 1997 863 2044 inquiramus,
913 1999 1054 2032 utrum
1087 1997 1216 2032 statui
1249 1996 1386 2043 possit
1417 2004 1567 2034 necne,
1602 1988 1758 2042 quibus
1790 1989 1896 2030 locis

199 2057 336 2103 poeta
367 2059 507 2093 metro
538 2059 717 2092 coactus
750 2050 1003 2091 alterutram
1037 2064 1193 2092 vocem
1226 2049 1487 2091 adhibuerit.

256 2107 495 2152 Nonnullis
542 2109 648 2152 locis
687 2124 778 2150 non
819 2124 998 2162 prorsus
1030 2108 1143 2150 idern
1177 2107 1420 2162 significare
1454 2122 1587 2149 voces
1620 2122 1697 2159 q.s.
1733 2107 1895 2162 δαίμων

199 2176 242 2210 et
288 2170 404 2220 θεὸς,
453 2183 585 2222 supra
631 2167 944 2221 explicavimus
994 2166 1051 2220 [p.
1094 2168 1150 2209 93
1183 2166 1311 2220 sqq.].
1348 2166 1395 2208 In
1428 2165 1650 2208 locutione
1683 2180 1796 2218 quae
1830 2174 1896 2207 est

201 2228 363 2283 δαίμονι
394 2229 490 2278 ἶσος
521 2243 610 2269 vox
642 2229 806 2283 δαίμων
839 2242 928 2269 non
961 2226 1074 2268 idern
1109 2225 1225 2268 valet
1257 2241 1308 2268 ac
1341 2228 1456 2276 θεός.
1491 2223 1561 2267 Sic
1584 2230 1714 2266 etiam
1732 2223 1896 2277 aliquid

199 2285 455 2328 discriminis
487 2301 581 2328 esse
615 2285 863 2339 apparebat
895 2292 1005 2328 inter
1037 2286 1217 2341 δαίμονα
1250 2294 1292 2327 et
1327 2287 1425 2328 θεόν
1455 2290 1497 2325 in
1530 2283 1618 2325 his:

252 2448 280 2496 ¹)
325 2446 390 2486 Cf.
433 2447 698 2490 Solmsen,
746 2447 825 2486 o.l.
870 2461 936 2496 pp.
973 2447 1072 2489 161;
1121 2447 1203 2485 163.
1251 2446 1457 2488 Bickel‚
1501 2445 1578 2484 o.l.
1610 2459 1647 2494 p.
1679 2445 1767 2483 570.
1798 2443 1894 2482 Vid.

198 2513 391 2601 suglana
405 2501 738 2595 ‡8{.2.euwen‚
769 2552 943 2595 Enchir.,
973 2567 1011 2602 p.
1043 2553 1130 2591 272.

251 2607 280 2707 Ξ)
310 2606 456 2698 gNggtlt
470 2620 502 2649 e.
533 2606 642 2656 81ης.
673 2621 709 2645 u.
741 2606 811 2649 Pl„
844 2621 882 2656 p.
914 2606 1016 2648 53,1.

253 2713 282 2761 5)
323 2711 367 2750 In
408 2690 530 2751 Iliade
568 2718 608 2751 in
648 2718 756 2751 exitu
794 2726 933 2751 versus
974 2717 1120 2761 septies
1160 2711 1302 2761 legitur
1350 2714 1409 2748 &fx
1452 2710 1589 2754 imam,
1627 2716 1666 2749 in
1709 2709 1897 2758 Odyssea

197 2769 507 2857 Zigieetsursepties.
538 2765 653 2804 Haec
681 2765 833 2804 locutio
862 2771 901 2804 in
933 2764 1099 2804 formam
1128 2772 1377 2803 constantem
1417 2772 1456 2803 et
1499 2770 1709 2803 contritam
1754 2763 1898 2801 abiisse
