2159 3288
1039 137 1123 177 217

31 268 230 323 *car-minum
289 263 361 306 Ad
408 273 527 306 recte
570 262 1017 321 intellegendalhaec
1063 270 1255 307 carmina
1297 270 1443 318 magni
1489 271 1668 307 interest
1699 271 1807 308 scire
1839 264 1926 311 ubi.

17 312 181 369 picticae.
229 323 273 365 id
305 331 394 365 est:
428 322 546 376 apud
579 337 690 376 quos
722 329 1020 365 recitarentur.

18 386 20 395 '
289 380 416 423 Initio
464 387 507 423 in
550 387 792 435 principum
825 397 876 424 ac
906 397 1056 435 regum
1089 381 1188 423 aula
1220 392 1321 435 post
1352 397 1503 424 cenam
1538 382 1838 425 recitabantur
1869 382 1925 424 ad

229 446 444 483 convivas
472 440 770 486 delectandos,
801 439 1079 482 habebantur
1111 442 1365 497 ἀναθήματα
1399 443 1556 491 δαιτός.
1576 440 1603 493 1)

284 497 451 542 Poetae
482 505 628 541 varias
660 498 831 541 fabulas
863 505 1053 541 carmine
1083 499 1355 542 celebrantes
1387 499 1429 542 id
1462 506 1644 541 maxime
1677 499 1927 546 studebant,

230 567 277 600 ut
323 558 494 601 dulcem
540 567 706 600 motum
754 573 904 600 eorum
938 565 1011 612 qui
1044 558 1281 600 audiebant
1313 557 1510 600 sensibus
1543 557 1763 603 afferrent,
1781 557 1810 611 2)
1839 574 1928 601 non

230 626 319 659 tam
350 623 393 659 in
425 616 714 671 depingendis
747 623 957 659 maiorum
991 616 1121 659 rebus
1149 623 1281 670 gestis
1312 633 1441 670 quam
1475 623 1516 659 in
1534 617 1928 660 commemorandis

229 675 329 718 belli
361 682 578 719 aerumnis
609 691 661 718 ac
678 682 868 724 miseriis,
887 676 930 718 id
948 676 1068 729 quod
1087 675 1231 718 Iliadis
1247 682 1520 729 prooemium
1538 685 1690 729 aperte
1708 675 1927 729 profert.³)

290 733 503 777 Paulatim
532 734 780 778 auditorum
813 750 1017 777 numerus
1034 735 1258 778 crescebat
1274 751 1416 788 neque
1433 734 1616 788 amplius
1629 741 1672 776 in
1686 741 1927 789 principum

229 793 412 836 aedibus
444 793 534 840 sed,
568 793 723 836 diebus
755 793 886 840 festis,
920 800 962 835 in
995 793 1104 836 ludis
1135 809 1187 836 ac
1219 794 1526 836 certaminibus
1542 793 1659 848 apud
1677 800 1927 836 universum

230 852 441 906 populum
473 859 666 895 carmina
699 859 822 907 epica
855 852 1164 895 recitabantur.
1179 852 1208 905 4)
1243 851 1403 895 Utrum
1437 853 1546 895 haec
1578 859 1770 895 carmina
1798 867 1928 895 cane-

231 920 402 954 -rentur
433 927 490 953 an
523 911 772 955 dicerentur
805 922 870 954 est
902 918 1115 965 quaestio,
1153 927 1280 964 quam
1313 921 1458 953 tamen
1490 911 1558 953 hic
1576 927 1665 954 non
1683 918 1927 954 accuratius

230 970 504 1013 examinabo.
519 971 548 1024 ὂ)
599 969 849 1024 Utcumque
896 986 965 1013 res
997 986 1041 1012 se
1074 970 1220 1016 habet,
1253 970 1338 1012 hoc
1370 970 1545 1023 quidem
1578 979 1740 1012 certum
1775 980 1852 1016 est,
1885 977 1928 1012 in

230 1029 346 1072 hisce
389 1029 650 1073 carminibus
682 1029 918 1071 verborum
949 1044 1103 1071 sonum
1137 1035 1281 1082 magni
1314 1035 1548 1072 interesse:
1575 1028 1782 1082 rhapsodi
1814 1035 1927 1071 enim

231 1095 303 1141 qui
327 1088 533 1131 dicebant
564 1094 768 1133 carmina.
800 1087 844 1129 id
876 1094 1109 1141 praecipue
1141 1088 1346 1141 agebant,
1364 1097 1409 1129 ut
1426 1097 1469 1130 et
1485 1098 1609 1142 qestu
1631 1097 1674 1130 et
1690 1088 1927 1130 verborum

230 1162 342 1189 sono
374 1153 504 1188 animi
537 1156 934 1189 commoverentur.
954 1145 983 1198 ὃ)
1017 1144 1214 1189 Cauer
1249 1145 1354 1198 [o.l.2
1386 1163 1426 1199 p.
1461 1145 1562 1200 384]
1590 1153 1767 1188 eximie:
1805 1145 1927 1193 „Das

288 1264 313 1311 ¹)
343 1261 407 1301 Cf.
452 1277 474 1299 z
511 1263 595 1301 152.
640 1277 665 1309 φ
695 1263 783 1300 430.

283 1315 380 1354 Vid.
412 1315 619 1357 Rohde.
664 1315 728 1354 o.l.
771 1315 814 1357 1⁴,
860 1329 897 1364 p.
942 1316 975 1353 2.
1021 1314 1141 1353 Sam
1184 1314 1363 1357 Wide,
1411 1314 1475 1353 o.l.
1521 1329 1559 1363 p.
1602 1316 1700 1353 170:
1734 1314 1836 1357 „Fur
1865 1314 1928 1352 die

230 1368 485 1418 Beurteilunq
530 1369 600 1407 der
640 1368 916 1407 homerischen
957 1367 1100 1406 Kultur
1140 1374 1188 1406 ist
1230 1382 1272 1406 es
1313 1367 1558 1409 wesentlich.
1603 1368 1695 1406 dass
1739 1372 1794 1406 sie
1824 1373 1929 1405 einer

230 1422 380 1460 oberen
408 1420 571 1460 Schicht
599 1421 669 1460 der
697 1421 921 1471 damaliqen
952 1420 1232 1463 Gesellschaft.
1263 1421 1332 1459 der
1359 1420 1628 1463 Ritterschaft‚
1660 1420 1927 1470 angehort...

231 1527 355 1567 sozial
383 1528 574 1578 beqtenzt
603 1527 690 1566 ist.''
733 1527 802 1566 Be
822 1527 876 1565 th
895 1541 927 1569 e,
972 1527 1037 1565 o.l.
1068 1542 1105 1576 p.
1141 1528 1235 1565 133:
1268 1526 1379 1569 „Das
1408 1527 1652 1577 griechische
1668 1526 1931 1575 Heldenepos

230 1586 279 1620 ist
322 1586 363 1619 in
406 1580 538 1624 Form,
584 1580 774 1630 Sprache.
820 1580 1103 1619 Kunstmitteln
1146 1586 1233 1618 eine
1276 1594 1347 1618 nur
1376 1593 1460 1619 von
1487 1579 1719 1630 geschulten
1748 1579 1928 1628 Sangem

230 1634 388 1684 qeiibte,
433 1634 625 1673 zunachst
668 1633 728 1672 fiir
768 1633 898 1672 kleine
940 1633 1079 1672 Kreise
1123 1632 1343 1671 fiirstlicher
1371 1632 1681 1683 Hofhaltunqen
1708 1632 1930 1671 bestimmte

231 1686 567 1737 Kunstdichtunq.
610 1687 807 1738 Zuqleich
850 1692 898 1725 ist
936 1692 992 1725 sie
1035 1687 1129 1725 aber
1160 1686 1266 1725 doch
1309 1686 1418 1725 wohl
1447 1700 1530 1725 von
1559 1685 1723 1736 Anfanq
1753 1699 1804 1724 an
1829 1685 1930 1723 auch

231 1740 555 1779 volkstiimlich.”

286 1793 383 1832 Ivo
423 1793 617 1836 Bruns.
661 1793 727 1832 0.l.
773 1807 811 1842 p.
847 1794 909 1831 33.
953 1792 1184 1833 Samter‚
1228 1792 1293 1831 o.l.
1329 1806 1366 1841 p.
1403 1793 1463 1830 20.
1509 1791 1746 1833 Finsler,
1790 1790 1930 1833 0.l.1².

231 1861 269 1896 p.
315 1848 404 1886 337.
447 1846 691 1896 Gruppe.
721 1846 786 1885 o.l.
820 1846 862 1888 ΙΙ,
893 1860 931 1894 ρ.
961 1846 1050 1884 987.
1081 1860 1118 1883 v.
1149 1845 1558 1887 Wilamowitz.
1590 1844 1659 1884 Gr.
1692 1844 1766 1887 L.3.
1797 1858 1835 1893 p.
1871 1845 1929 1881 11.

232 1899 545 1950 Campbell.
588 1899 654 1939 o.l.
687 1913 725 1949 p.
756 1900 818 1938 68.
866 1899 1207 1940 Fairbanks.
1253 1899 1318 1937 o.l.
1349 1912 1387 1947 p.
1420 1899 1507 1937 220.

285 1952 413 1992 Aliter
440 1953 589 1992 iudicat
631 1952 680 1991 M
698 1952 869 1995 iilder,
913 1951 978 1990 o.l.
1009 1965 1076 2001 pp.
1105 1952 1326 1990 357—360.

287 2005 353 2045 De
381 2005 505 2045 altera
532 2005 746 2055 Odysseae
774 2013 887 2055 parte
911 2005 990 2043 vid.
1033 2004 1067 2042 R
1085 2018 1236 2043 oeme
1254 2019 1280 2046 r.
1323 2004 1388 2043 o.l.
1419 2018 1456 2053 p.
1493 2005 1565 2042 128
1595 2017 1679 2053 sqq.

287 2059 316 2108 ²)
343 2059 444 2098 lvo
482 2059 677 2101 Bruns,
721 2058 786 2098 o.l.
821 2073 858 2108 p.
889 2059 962 2097 36:
997 2057 1166 2099 ..Dieses
1195 2057 1280 2106 (das
1310 2057 1437 2106 Epos)
1469 2056 1536 2095 hat
1565 2070 1607 2095 es
1635 2063 1731 2094 stets
1763 2069 1836 2094 nur
1864 2053 1933 2093 auf

232 2113 560 2151 interessierende
589 2112 809 2162 Handlunq
839 2110 1105 2161 abqesehen.''

287 2164 596 2215 Campbell.
642 2165 707 2204 o.l.
750 2179 788 2214 p.
832 2165 905 2203 79:
973 2163 1086 2206 „The
1124 2168 1259 2212 poetic
1306 2168 1456 2201 motive
1498 2168 1530 2200 is
1573 2169 1616 2201 to
1658 2167 1820 2200 interest
1865 2160 1932 2199 the

234 2218 409 2257 hearer.”
456 2218 702 2260 Finsler‚
750 2218 815 2257 o.l.
847 2217 891 2259 12,
921 2231 958 2266 p.
994 2217 1082 2255 337.

289 2273 317 2319 ὃ)
347 2271 590 2314 Miilder.
638 2271 703 2310 o.l.
735 2285 772 2320 p.
804 2272 892 2309 342.

289 2325 317 2373 4)
350 2324 549 2374 Bergk,
591 2325 656 2363 0.l.
687 2338 725 2373 p.
752 2324 840 2362 487.
885 2321 1370 2363 Christ-Schmid,
1411 2320 1476 2360 o.l.
1507 2320 1550 2363 1⁶,
1581 2334 1618 2369 p.
1649 2321 1710 2358 74.
1741 2320 1930 2363 Bethe‚

235 2377 302 2416 o.l.
335 2392 373 2426 p.
410 2378 507 2416 133:
540 2376 622 2420 „So
651 2377 763 2416 ward
791 2390 863 2415 aus
891 2376 960 2414 der
988 2374 1219 2413 fiirstlichen
1248 2373 1528 2423 Hofdichtunq
1557 2378 1608 2411 im
1637 2387 1766 2422 engen
1794 2373 1931 2412 Kreise

233 2430 305 2469 des
341 2429 618 2472 Geschlechts,
657 2430 726 2469 der
756 2429 874 2468 Rats-
906 2428 988 2467 und
1019 2427 1356 2477 Gefolqsmanner
1384 2432 1472 2466 eine
1500 2426 1830 2477 Volksdichtunq
1857 2439 1933 2464 vor

234 2483 476 2522 zahlreicher
515 2483 614 2522 bunt
659 2480 1142 2531 zusammenqewiirfelter
1183 2480 1361 2519 Masse.”
1408 2480 1456 2518 M
1475 2479 1647 2522 iilder,
1677 2479 1742 2519 o.l.
1773 2494 1811 2530 p.
1842 2480 1930 2518 361.

281 2537 309 2585 5)
338 2536 448 2575 Vide
477 2549 595 2585 supra
624 2550 662 2585 p.
697 2535 782 2577 185.
818 2537 848 2573 1.

290 2589 487 2639 Bergk,
533 2589 598 2628 o.l.
634 2603 701 2638 pp.
733 2589 810 2627 436
840 2601 926 2636 sq.;
956 2588 1044 2625 439.
1088 2584 1580 2628 Christ-Schmid,
1629 2585 1694 2624 o.l.
1725 2585 1769 2627 1⁶,
1800 2599 1837 2634 p.
1869 2585 1930 2623 73.

236 2642 426 2684 Bethe,
483 2642 549 2681 o.l.
595 2656 663 2691 pp.
708 2642 809 2683 294;
840 2641 928 2679 296.
959 2655 997 2678 v.
1029 2639 1452 2681 Wilamowitz,
1507 2638 1577 2677 Gr.
1622 2638 1697 2681 L.³,
1742 2652 1780 2687 p.
1809 2639 1832 2676 9
1874 2651 1930 2686 sq.

237 2694 396 2734 Mfild
414 2709 478 2737 er,
524 2694 590 2734 o.l.
621 2709 660 2744 p.
690 2694 792 2733 355:
823 2693 926 2735 „Fur
954 2693 1018 2731 die
1047 2692 1229 2731 Einsicht
1256 2698 1296 2730 in
1324 2691 1396 2730 das
1421 2691 1582 2730 Wesen
1595 2691 1665 2730 der
1679 2691 1768 2729 Ilias
1782 2690 1932 2729 kommt

236 2754 367 2798 weniq
396 2747 540 2787 darauf
566 2761 629 2790 an,
659 2747 714 2786 ob
740 2754 845 2786 etwa
874 2746 943 2785 der
971 2745 1214 2784 Hexameter
1227 2744 1546 2794 urspriinqlicher
1564 2744 1754 2795 Sinqvers
1770 2749 1819 2782 ist
1836 2743 1934 2782 oder

237 2801 383 2840 nicht.'’
429 2801 511 2843 ld..
553 2801 703 2839 Burs.
733 2799 905 2850 Iahresb.
936 2799 980 2837 B.
1015 2799 1083 2837 161
1115 2798 1265 2849 [1913],
1296 2812 1335 2847 p.
1366 2798 1427 2836 88.

291 2856 320 2903 6)
352 2854 592 2897 Mfilder,
635 2853 686 2892 ib.
716 2867 754 2902 p.
785 2853 863 2892 360
895 2852 1030 2903 [supra
1058 2866 1096 2901 p.
1126 2852 1210 2894 199,
1241 2851 1295 2901 4].

232 1474 534 1514 ...Thatsache
566 1480 626 1517 ist,
656 1475 750 1513 dass
779 1475 842 1513 die
871 1474 1118 1513 homerische
1150 1474 1292 1512 Kultur
1321 1482 1471 1512 erstens
1499 1474 1608 1512 lokal
1637 1474 1718 1512 und
1741 1479 1930 1512 zweitens
1987 1502 1989 1513 .
