2159 3288
101 449 139 484 N
165 448 253 485 448.

104 968 140 1003 N
171 966 257 1004 810.

104 1545 141 1578 O.
182 1543 254 1581 194

111 2079 144 2113 A
174 2078 260 2115 561.

1129 77 1208 140 ¹74.

310 209 444 254 'fecie
481 206 777 261 Deiphobum,
812 221 857 247 se
891 220 1023 246 unum
1056 202 1386 256 [Hypsenorem
1419 210 1495 255 sc.]
1528 219 1578 246 ex
1600 203 1782 247 Achivis
1801 204 2010 247 occidisse

312 268 584 322 gloriantem,
619 271 679 306 sic
711 271 908 316 increpat
939 263 994 308 [N
1027 263 1113 304 446
1146 268 1287 315 sqq.]:

487 324 689 380 Δηίφοβ’,
722 326 747 378 ἦ
780 326 862 377 ἄρα
896 324 945 378 δή
979 339 1020 363 τι
1052 322 1250 375 ἐίσκομεν
1286 324 1402 374 ἄξιον
1435 323 1544 364 εἶναι

477 388 592 438 τρεῖς
624 382 712 431 ἑνὸς
748 381 838 423 ἀντὶ
871 383 1124 435 nermo-&orm
1160 380 1250 423 ἐπεὶ
1277 382 1327 422 σύ
1361 398 1437 435 περ
1474 382 1620 436 εὔχεαι
1651 382 1783 423 οὕτω·

486 444 680 496 δαιμόνι’,
731 441 847 482 ἀλλὰ
877 439 949 482 καὶ
981 440 1105 488 αὐτὸς
1136 440 1318 482 ἐναντίον
1355 440 1498 482 ‘doz-010²
1536 441 1670 493 ἐμεῖο,

488 504 600 555 ὄφρά
634 501 717 553 ἴδῃ,
753 500 841 548 οἷος
877 500 1010 553 Ζηνὸς
1047 500 1170 553 γόνος
1206 499 1349 541 ἐνθάδ’
1389 499 1537 548 ἱκάνω,
1570 513 1632 550 sq.

370 560 631 602 Idomeneus
663 563 842 598 miratur
861 555 1191 608 Deiophobum,
1222 555 1490 609 Hypsenore
1508 562 1669 600 occiso,
1688 562 1812 598 nimis
1828 562 2015 598 victoria

312 620 468 662 elatum
502 624 543 659 in
576 632 633 661 se,
670 615 777 657 Iove
810 624 1091 669 prognatum,
1125 631 1318 669 pugnam
1352 621 1583 667 suscipere.

370 679 599 731 Δαιμόνιος
635 678 672 718 Ν
706 675 791 716 448
826 683 871 715 ut
903 689 1035 727 supra
1082 674 1116 719 [Ι
1149 675 1221 726 40]
1254 672 1466 727 significat
1498 679 1639 715 virum
1672 682 1967 715 occaecatum.
1987 672 2015 725 l)

369 782 538 824 Hector
570 780 808 834 cupiditate
825 779 1016 821 bellandi
1034 778 1206 825 ardens.
1228 778 1367 820 Marti
1385 778 1543 824 similis,
1564 778 1753 820 hostium
1773 778 2017 832 phalangas

310 851 451 884 tentat
483 841 537 887 [N
572 840 835 891 802—807].
870 854 997 891 quem
1029 837 1143 880 Aiax
1176 844 1339 892 primus
1372 847 1604 891 provocat,
1639 838 1748 880 haec
1780 837 1929 880 dicens
1961 837 2016 883 [N

316 903 400 943 810
433 906 573 954 sqq.]:

490 960 695 1014 δαιμόνιε,
745 958 897 1014 σχεδὸν
930 958 1050 1000 ἐλθέ·
1083 957 1122 999 τί
1159 958 1184 1012 ἢ
1219 957 1458 999 δειδίσσεαι
1494 958 1634 1006 άῦτως

485 1018 744 1074 Ἀργείους;
779 1019 830 1059 οὔ
864 1017 928 1059 τοί
961 1034 1001 1059 τι
1035 1019 1177 1071 μάχης
1211 1017 1445 1071 ἀδαήμονές
1480 1017 1609 1070 εἰμεν7

489 1079 606 1120 ἀλλὰ
636 1079 737 1126 Διὸς
772 1078 954 1131 μάστιγι
988 1080 1103 1131 κακῇ
1137 1077 1349 1131 ἐδάμημεν
1383 1075 1572 1130 Ἀχαιοί.

375 1136 545 1178 Hector
592 1134 649 1177 ab
693 1134 831 1176 Aiace
880 1136 1092 1189 δαιμόνιος
1126 1133 1324 1178 habetur,
1373 1140 1535 1186 quippe
1568 1138 1641 1186 qui
1674 1138 1805 1174 nimia
1835 1130 2019 1174 audacia

315 1206 357 1238 et
390 1201 687 1238 ostentatione
719 1202 979 1236 occaecatus
1012 1199 1164 1234 mirum
1196 1199 1239 1234 in
1266 1192 1442 1234 modum
1461 1201 1624 1234 temere
1644 1190 1759 1233 furat
1776 1206 1856 1233 nec
1873 1200 2020 1232 tamen

314 1270 575 1308 quemquam
609 1252 882 1295 Graecorum
916 1252 972 1294 ad
1004 1267 1197 1305 pugnarn
1231 1260 1475 1305 provocet;
1513 1257 1660 1304 itaque
1693 1249 1807 1291 Aiax
1840 1249 2020 1292 mfratus

316 1314 554 1356 exclamat:
589 1315 777 1368 δαιμόνιε
810 1318 877 1353 i.e.
910 1317 1076 1353 insane.

375 1419 570 1461 Priamus
604 1417 835 1460 Hecubam
869 1416 924 1459 de
959 1416 1081 1458 Iridis
1112 1415 1321 1458 mandato
1354 1425 1401 1457 ut
1429 1414 1637 1457 Hectoris
1655 1430 1816 1468 corpus
1834 1414 2017 1456 redimat

314 1486 546 1521 certiorem
580 1477 743 1519 faciens
775 1477 830 1523 [Ω
870 1477 949 1518 194
982 1481 1122 1529 sqq.]:

372 1540 584 1595 δαιμονίη,
631 1542 783 1589 inquit.
818 1538 979 1580 Διόθεν
1014 1553 1085 1591 μοι
1118 1535 1358 1590 Ὠλύμπιος
1395 1537 1585 1589 ἄγγελος
1620 1535 1732 1588 ἦλθε

373 1600 592 1641 λύσασθαι
623 1598 744 1652 φίλον
774 1597 882 1642 υἱόν,
917 1596 1014 1637 ἰόντ’
1053 1594 1122 1637 ἐπὶ
1151 1599 1254 1649 νῆάς
1289 1594 1499 1649 Ἀχαιῶν,

374 1659 489 1712 δῶρά
521 1657 555 1699 δ’
593 1657 801 1711 Ἀχιλλῆι
840 1655 1035 1709 φερέμεν,
1068 1656 1121 1696 τά
1156 1670 1204 1695 κε
1234 1655 1371 1707 θυμὸν
1408 1653 1514 1707 ἰήνῃ.

372 1714 568 1757 Priamus
614 1729 794 1756 uxorem
839 1720 923 1754 iam
967 1718 1099 1754 tantis
1132 1712 1252 1753 malis
1284 1710 1500 1755 afflictam,
1535 1708 1832 1752 misericordia
1865 1717 2019 1763 captus

315 1777 551 1830 δάιμονίην,
584 1780 651 1816 i.e.
685 1773 913 1817 infelicem,
932 1771 960 1825 2)
1009 1770 1214 1825 appellat,
1264 1785 1360 1812 cum
1409 1779 1509 1823 post
1556 1778 1680 1811 tanta
1727 1767 1841 1810 mala
1889 1774 2018 1810 etiam

313 1841 469 1876 marito
503 1839 592 1875 eius
626 1832 743 1875 Iovis
776 1838 889 1874 iussu
923 1830 1168 1884 periculosa
1202 1829 1424 1883 expeditio
1457 1835 1510 1871 sit
1542 1827 1744 1870 ineunda.

375 1951 509 1994 Hisce
556 1951 662 1993 locis
710 1955 917 2003 expositis
958 1964 1009 1991 ex
1045 1947 1176 1990 Iliade
1207 1956 1374 1990 restant
1406 1946 1541 1988 haec:

374 2010 495 2053 Zeus
527 2026 617 2052 non
649 2009 928 2052 mediocriter
960 2023 1217 2049 suscensens
1248 2005 1305 2048 ad
1338 2005 1505 2047 Heram
1539 2003 1597 2051 [Α
1631 2005 1759 2056 561]:

495 2071 703 2126 δαιμονίη,
737 2074 888 2122 inquit,
926 2068 1008 2111 αἰεὶ
1039 2069 1110 2123 μὲν
1145 2069 1269 2111 ὀίεαι,
1302 2067 1400 2110 οὐδὲ
1434 2083 1480 2107 σε
1515 2067 1657 2120 λήθω·

373 2128 492 2172 Zeus
539 2144 583 2170 se
633 2127 782 2171 Herae
826 2142 999 2180 semper
1043 2133 1086 2168 in
1131 2131 1422 2180 suspicionem
1467 2122 1624 2165 cadere
1655 2136 1787 2176 aegre
1817 2120 1973 2165 ferens,
1991 2119 2019 2172 3)

368 2223 394 2271 3)
440 2220 885 2261 Ameis—Hentze,
927 2218 979 2256 ad
1019 2217 1066 2256 l.:
1113 2217 1305 2266 „Socim-as
1346 2214 1636 2256 verblendeter.
1681 2212 1816 2252 sofern
1856 2227 1897 2251 er
1937 2211 2022 2250 sich

317 2281 445 2313 seines
474 2274 613 2323 Sieqes
642 2273 876 2311 uberhoben
903 2271 1008 2310 hat.''

372 2328 413 2366 In
453 2327 573 2365 Iliade
617 2327 696 2365 hoc
738 2340 820 2364 uno
866 2325 960 2364 loco
1006 2327 1194 2371 δαιμόνιος
1232 2336 1315 2361 non
1354 2328 1564 2370 usurpatur
1592 2326 1632 2358 in
1660 2324 1854 2358 sermonis
1880 2323 2021 2360 initio:

319 2380 366 2419 cf.
401 2381 426 2427 ξ
451 2382 538 2418 443.

374 2436 401 2481 ²)
432 2433 469 2470 A
486 2447 520 2471 m
538 2447 558 2471 e
574 2438 584 2470 i
600 2433 681 2470 s-H
698 2447 719 2470 e
735 2447 760 2470 n
775 2440 789 2469 t
806 2446 825 2470 z
842 2446 874 2474 e,
905 2431 957 2469 ad
971 2430 1019 2469 l.:
1053 2430 1132 2473 „du
1147 2429 1306 2467 Arme.”
1338 2428 1372 2466 E
1389 2428 1414 2466 b
1431 2441 1451 2465 e
1468 2427 1546 2465 lin
1562 2440 1598 2476 ς,
1630 2425 1695 2464 o.l.
1712 2431 1790 2464 i.v.:
1811 2431 1894 2468 „est
1911 2437 2022 2462 com-

320 2486 597 2525 -miserantis.''

374 2539 495 2577 Van
524 2539 809 2580 Leeuwen,
841 2538 892 2576 ad
921 2537 967 2575 l.:
1008 2540 1345 2580 „commiserantis
1374 2547 1479 2572 nunc
1508 2540 1567 2571 est
1595 2532 1674 2570 hoc
1703 2531 1779 2569 adi.
1809 2538 1851 2568 ut
1882 2530 1908 2577 ξ
1932 2530 2021 2571 443,

320 2597 460 2631 ceteris
489 2592 587 2630 locis
616 2590 962 2640 improbantium.''

375 2648 560 2692 &ambulas
594 2644 656 2682 hl.
688 2645 791 2682 idern
820 2644 928 2682 valet
957 2657 1004 2681 ac
1033 2651 1177 2691 postea
1208 2643 1461 2689 κκκοόειὶμων,
1491 2641 1722 2688 &ufir-<isram

375 2702 403 2745 ³)
434 2698 567 2736 Schol.
601 2698 640 2735 D
670 2698 720 2735 ad
749 2697 786 2734 Α
817 2697 916 2735 561:
948 2699 1007 2732 δικ
1035 2693 1177 2738 παντὸς
1206 2709 1275 2743 μεν
1306 2708 1356 2740 με
1385 2696 1558 2733 ὑπονοεῖς.

376 2751 510 2790 Schol.
542 2751 573 2788 Β
603 2751 653 2788 ad
683 2751 705 2788 l.
738 2758 905 2788 annotat
934 2748 1124 2799 ὂκιμονὶᾈ]
1156 2752 1335 2797 ,ιωικαιρὶικἿ
1359 2750 1395 2782 έν
1419 2749 1629 2796 crassum-pap
1647 2751 1685 2782 et
1700 2742 1836 2782 Gloss.
1855 2740 2022 2780 interlin.

321 2804 385 2843 A:
418 2810 481 2841 »sy
512 2806 621 2851 κακή,
653 2806 792 2852 φαύλη.
