2125 3288
769 482 1045 526 CAPUT
1093 484 1146 527 ΙΙ.

177 576 317 628 :Quid
349 577 556 621 doceant
586 577 736 620 verba
767 581 1102 632 cognominata
1133 578 1211 621 vel
1242 578 1367 621 idem
1399 578 1732 634 significantia.
1772 617 1775 621 .

170 695 218 738 In
250 695 367 738 hisce
398 694 627 737 vocabulis
659 695 896 737 tractandis
928 711 995 737 res
1028 705 1092 738 est
1124 695 1225 737 mihi
1243 696 1638 743 commemoranda,
1657 712 1800 750 quam,

106 769 206 797 cum
238 769 328 796 non
359 760 484 808 parvi
527 754 621 796 fore
669 760 877 796 momenti
924 765 1085 808 putem,
1133 754 1307 796 uberius
1353 755 1649 809 disputaturus
1694 771 1800 798 sum.

109 812 444 867 Singulari
492 819 647 855 enim
695 813 872 855 modo
919 813 1118 855 verba
1165 829 1318 867 quae
1366 824 1501 856 sunt
1548 817 1799 871 δαίμων,

112 877 142 916 θ
162 875 268 924 εός,
305 874 339 915 Ζ
361 874 451 922 εύς
488 870 578 926 [qui
610 870 722 913 idem
755 871 909 913 dicitur
942 875 1105 927 Κρόνου
1138 877 1252 923 παῖς,
1289 875 1493 928 Κρονίων,
1528 873 1800 930 Ὀλύμπιος].

109 936 141 975 θ
161 934 248 976 εοί
282 929 372 984 [qui
403 930 518 972 idem
551 930 751 972 dicuntur
785 932 1067 985 Οὐρανίωνες,
1102 932 1351 986 Ὀλύμπιοι,
1372 932 1598 986 ἀθάνατοι]
1633 940 1690 975 in
1710 942 1725 974 t
1743 949 1766 975 e
1783 949 1803 974 r

111 1006 170 1032 se
218 1004 579 1043 congruere
625 998 818 1042 atque
866 989 1022 1031 idem
1067 989 1455 1043 significare
1487 991 1801 1038 videntur,

109 1048 153 1091 id
183 1048 303 1103 quod
334 1048 399 1090 his
431 1047 638 1101 exemplis
670 1047 834 1089 affatim
866 1048 1128 1090 illustratur:

169 1106 366 1150 Phoenix
397 1122 542 1151 senex.
577 1122 706 1160 quem
739 1105 897 1148 Achilli
930 1116 1056 1160 pater
1088 1114 1258 1149 iuvenis
1291 1117 1537 1150 curatorem
1561 1108 1802 1155 addiderat,

108 1166 325 1209 Achillem
357 1181 412 1208 ne
444 1165 627 1219 amplius
646 1172 734 1207 irae
751 1165 972 1219 indulgeat
991 1172 1104 1208 serio
1123 1182 1324 1215 sermone
1342 1167 1563 1213 admonet,
1585 1167 1805 1222 Meleagri

109 1231 344 1280 pertinacis
375 1225 615 1278 exemplum
648 1223 836 1267 afferens
870 1223 903 1278 [I
938 1226 1023 1267 600
1056 1224 1167 1279 sq.]:

227 1287 344 1328 ἀλλὰ
376 1286 441 1336 σὺ,
476 1290 627 1336 inquit,
661 1286 717 1339 μή
753 1302 826 1339 μοι
855 1289 992 1328 ταῦτα
1022 1287 1109 1328 νόει
1141 1287 1275 1340 φρεσί,
1320 1287 1427 1341 μηδὲ
1475 1303 1524 1328 σε
1569 1288 1591 1328 δ
1612 1288 1713 1342 αίμ
1733 1305 1804 1328 ων

230 1346 419 1387 ἐνταῦθα
450 1345 631 1398 τρέψειε,
665 1346 799 1399 φίλος.

170 1401 410 1445 Diomedes
442 1408 661 1455 principes
693 1408 886 1455 graviter
927 1401 1110 1444 afflictos
1143 1402 1418 1448 confirmans,
1454 1402 1562 1445 haec
1595 1402 1698 1446 dicit
1730 1402 1804 1456 [ib.

113 1463 194 1504 701
233 1459 376 1515 sqq.]:

254 1521 351 1563 ἀλλ’
385 1522 482 1575 ἦτοι
517 1524 656 1563 κεῖνον
691 1518 921 1572 [Achillem
955 1519 1030 1573 SC.]
1066 1522 1137 1575 μὲν
1172 1523 1371 1575 ἐάσομεν,
1406 1524 1431 1577 ’ἡ
1470 1539 1540 1564 κεν
1573 1523 1684 1578 ἴῃσιν

252 1581 277 1635 ἦ
315 1597 366 1621 κε
397 1580 516 1635 μένῃ·
550 1580 649 1621 τότε
680 1580 715 1619 δ’
755 1581 857 1622 αὖτε
886 1582 1139 1635 μαχήσεται,
1176 1582 1338 1623 ὁππότε
1373 1581 1443 1622 κέν
1478 1598 1544 1635 μιν

255 1638 390 1694 θυμὸς
425 1638 484 1680 ἐνὶ
517 1640 750 1693 στήθεσσιν
784 1640 931 1693 ἀνώγῃ
969 1639 1041 1681 καὶ
1092 1644 1118 1679 5}
1142 1639 1233 1688 εὸς
1285 1641 1404 1694 ὄρσῃ.

170 1695 338 1739 Nestor
357 1695 563 1738 Patroclo
578 1706 623 1738 ut
638 1693 819 1738 Achillis
829 1704 1017 1738 animum
1034 1703 1197 1750 mitiget
1213 1698 1481 1750 persuadens
1497 1697 1551 1751 [A
1567 1699 1650 1740 792
1665 1697 1761 1752 sq⁴]:
1779 1698 1807 1752 1)

254 1758 313 1806 τίς
348 1756 383 1798 δ’
418 1756 518 1807 οἷδ’,
553 1761 704 1809 inquit,
741 1758 778 1799 εἴ
815 1758 884 1798 κέν
919 1757 959 1799 οἱ
985 1758 1057 1798 σὺν
1089 1758 1110 1797 δ
1136 1759 1235 1811 αίμ
1255 1775 1344 1800 ονι
1373 1758 1511 1812 θυμὸν
1546 1760 1699 1812 ὀρίναις

257 1817 473 1870 παρειπών
495 1831 504 1867 3

171 1872 428 1919 Diomedes,
456 1872 803 1928 Agamemnonis
835 1874 1061 1915 consilium
1094 1873 1301 1919 refutans,
1335 1873 1607 1917 Graecorum
1639 1881 1809 1917 animos

107 1932 168 1975 ad
200 1932 483 1975 insistendum
517 1932 633 1974 bello
665 1939 816 1974 incitat
852 1931 885 1985 [I
920 1931 1022 1986 49]2

503 1994 576 2034 σὺν
613 1994 696 2047 γὰρ
746 1996 775 2033 θ
797 1997 881 2047 εῷ,
933 1998 1085 2045 inquit.
1121 1994 1419 2048 εἰλήλουθμεν.

173 2048 391 2093 Eumaeus
436 2049 640 2093 subulcus
685 2049 995 2092 Telemachum
1040 2050 1094 2092 de
1127 2051 1312 2105 hospite,
1346 2067 1475 2104 quem
1510 2050 1682 2093 Ulixem
1715 2066 1808 2094 esse

113 2109 307 2152 nondum
324 2116 522 2163 agnovit,
541 2116 770 2152 certiorem
788 2109 890 2152 facit
909 2125 1092 2163 eumque
1110 2109 1269 2164 longos
1287 2120 1387 2163 post
1417 2126 1586 2152 errores
1617 2109 1809 2153 Ithacam

114 2175 158 2211 in
189 2168 370 2211 insulam
402 2175 576 2211 venisse
608 2178 756 2211 narrat
791 2167 836 2221 [π
870 2168 968 2221 64]:

358 2229 413 2278 ὣς
451 2231 532 2284 γάρ
567 2230 619 2280 οἱ,
656 2234 806 2281 inquit,
840 2230 1085 2272 ἐπέκλωσεν
1118 2231 1171 2271 τά.
1202 2246 1253 2283 γε
1297 2229 1319 2269 δ
1340 2230 1441 2283 αίμ
1463 2246 1547 2271 ων.

173 2284 284 2328 Fata
300 2294 347 2328 ut
363 2295 536 2329 enarret
556 2285 707 2329 Ulixes
723 2296 851 2341 rogat
873 2286 1083 2328 Alcinous
1101 2302 1185 2329 rex.
1206 2287 1315 2329 haec
1332 2286 1481 2329 dicens
1500 2285 1547 2340 [θ
1567 2287 1651 2329 577
1672 2286 1808 2341 sqq.]:

287 2346 377 2389 εἰπὲ
409 2346 446 2387 δ’
483 2348 504 2389 ὅ
537 2363 578 2389 τι
613 2349 772 2396 κλαίεις
811 2347 882 2388 καὶ
915 2348 1085 2401 ὀδύρεαι
1116 2346 1262 2389 ἔνδοθι
1293 2350 1420 2402 θυμῷ

289 2404 506 2460 Ἀργείων
540 2408 720 2449 Δαναῶν
757 2406 822 2460 ἠδ’
859 2406 990 2448 Ἰλίου
1022 2407 1138 2449 οἶτον
1173 2407 1360 2448 ἀκούων.

290 2463 361 2506 τὸν
395 2465 440 2506 δὲ
489 2467 519 2506 θ
542 2465 631 2506 eoi
679 2466 750 2524 μὲν
785 2466 950 2515 τεῦξαν,
985 2466 1290 2508 ἐπεκλώσαντο
1321 2465 1358 2505 δ’
1396 2467 1577 2519 ὄλεθρον

292 2523 553 2577 ἀνθρώποις,
589 2538 652 2583 sg.

177 2578 398 2633 Penelope
431 2587 625 2634 queritur
660 2580 700 2634 [τ
733 2580 864 2634 512];

292 2641 424 2694 αὐτὰρ
460 2640 556 2695 ἐμοὶ
592 2641 664 2683 καὶ
695 2643 853 2690 πένθος
889 2641 1124 2696 ἀμέτρητον
1157 2643 1264 2696 πόρε
1309 2642 1331 2683 ὃ
1351 2642 1452 2696 αίμ
1473 2657 1559 2683 ων·

175 2695 464 2740 Telemachus
497 2705 791 2752 navigationis
822 2714 926 2741 suae
959 2714 1132 2741 causam
1166 2698 1348 2742 Nestori
1372 2700 1590 2754 explicans
1608 2698 1661 2742 de
1678 2705 1812 2753 patris

117 2765 236 2799 sorte
267 2756 377 2800 haec
409 2757 511 2799 dicit
543 2756 590 2814 [γ
620 2756 718 2811 88];

119 2830 200 2904 Ἶ)
231 2853 294 2893 Cf.
325 2854 365 2894 o
395 2856 483 2894 403.
