<?xml version="1.0" encoding="UTF-8"?>
<!DOCTYPE html PUBLIC "-//W3C//DTD XHTML 1.0 Transitional//EN"
    "http://www.w3.org/TR/xhtml1/DTD/xhtml1-transitional.dtd">
<html xmlns="http://www.w3.org/1999/xhtml" xml:lang="en" lang="en">
 <head>
  <title>
</title>
<meta http-equiv="Content-Type" content="text/html;charset=utf-8" />
  <meta name='ocr-system' content='tesseract 3.04.00' />
  <meta name='ocr-capabilities' content='ocr_page ocr_carea ocr_par ocr_line ocrx_word'/>
</head>
<body>
  <div class='ocr_page' id='page_1' title='image "./devocisquaeestda00tromuoft_0220.png"; bbox 0 0 2159 3288; ppageno 0'>
   <div class='ocr_carea' id='block_1_1' title="bbox 1107 101 1191 142">
    <p class='ocr_par' dir='ltr' id='par_1_1' title="bbox 1107 101 1191 142">
     <span class='ocr_line' id='line_1_1' title="bbox 1107 101 1191 142; baseline 0 0"><span class='ocrx_word' id='word_1_1' title='bbox 1107 101 1191 142; x_wconf 85' lang='lat'>208</span> 
     </span>
    </p>
   </div>
   <div class='ocr_carea' id='block_1_2' title="bbox 299 228 2009 2423">
    <p class='ocr_par' dir='ltr' id='par_1_2' title="bbox 300 228 1994 348">
     <span class='ocr_line' id='line_1_2' title="bbox 356 228 1994 293; baseline -0.005 -15"><span class='ocrx_word' id='word_1_2' title='bbox 356 238 633 293; x_wconf 67' lang='grc' dir='ltr'>φιλομμείδης</span> <span class='ocrx_word' id='word_1_3' title='bbox 678 234 914 289; x_wconf 75' lang='grc' dir='ltr'>Ἀφροδίτη</span> <span class='ocrx_word' id='word_1_4' title='bbox 967 234 1000 273; x_wconf 91' lang='grc' dir='ltr'>Γ</span> <span class='ocrx_word' id='word_1_5' title='bbox 1031 230 1130 271; x_wconf 83' lang='grc'><strong>424.</strong></span> <span class='ocrx_word' id='word_1_6' title='bbox 1181 232 1216 272; x_wconf 75' lang='grc' dir='ltr'>Δ</span> <span class='ocrx_word' id='word_1_7' title='bbox 1267 229 1330 270; x_wconf 89' lang='grc'>10.</span> <span class='ocrx_word' id='word_1_8' title='bbox 1383 231 1418 270; x_wconf 90' lang='grc' dir='ltr'>Ε</span> <span class='ocrx_word' id='word_1_9' title='bbox 1461 228 1560 270; x_wconf 81' lang='grc'><strong>375.</strong></span> <span class='ocrx_word' id='word_1_10' title='bbox 1610 232 1645 272; x_wconf 91' lang='grc' dir='ltr'>Ξ</span> <span class='ocrx_word' id='word_1_11' title='bbox 1690 229 1788 270; x_wconf 87' lang='grc'><strong>211.</strong></span> <span class='ocrx_word' id='word_1_12' title='bbox 1848 232 1885 272; x_wconf 82' lang='grc' dir='ltr'>Υ</span> <span class='ocrx_word' id='word_1_13' title='bbox 1925 229 1994 270; x_wconf 89' lang='grc'>40.</span> 
     </span>
     <span class='ocr_line' id='line_1_3' title="bbox 300 287 1721 348; baseline -0.008 -9"><span class='ocrx_word' id='word_1_14' title='bbox 300 303 328 339; x_wconf 66' lang='grc' dir='ltr'><strong>θ</strong></span> <span class='ocrx_word' id='word_1_15' title='bbox 364 296 459 337; x_wconf 97' lang='grc'><strong>362.</strong></span> <span class='ocrx_word' id='word_1_16' title='bbox 495 292 548 337; x_wconf 78' lang='grc' dir='ltr'>δῖ’</span> <span class='ocrx_word' id='word_1_17' title='bbox 583 294 821 348; x_wconf 74' lang='grc' dir='ltr'>Ἀφροδίτη</span> <span class='ocrx_word' id='word_1_18' title='bbox 856 293 890 333; x_wconf 90' lang='grc' dir='ltr'>Β</span> <span class='ocrx_word' id='word_1_19' title='bbox 924 289 1022 330; x_wconf 89' lang='grc'><strong>820.</strong></span> <span class='ocrx_word' id='word_1_20' title='bbox 1057 291 1091 331; x_wconf 93' lang='grc' dir='ltr'>Γ</span> <span class='ocrx_word' id='word_1_21' title='bbox 1123 287 1222 332; x_wconf 86' lang='grc'><strong>389,</strong></span> <span class='ocrx_word' id='word_1_22' title='bbox 1257 288 1356 329; x_wconf 87' lang='lat'><strong>413.</strong></span> <span class='ocrx_word' id='word_1_23' title='bbox 1394 289 1428 329; x_wconf 90' lang='lat' dir='ltr'>E</span> <span class='ocrx_word' id='word_1_24' title='bbox 1462 287 1561 328; x_wconf 87' lang='lat'>370.</span> <span class='ocrx_word' id='word_1_25' title='bbox 1596 305 1619 329; x_wconf 87' lang='grc' dir='ltr'>υ</span> <span class='ocrx_word' id='word_1_26' title='bbox 1652 287 1721 329; x_wconf 90' lang='grc'>68.</span> 
     </span>
    </p>

    <p class='ocr_par' dir='ltr' id='par_1_3' title="bbox 358 346 1878 395">
     <span class='ocr_line' id='line_1_4' title="bbox 358 346 1878 395; baseline -0.005 0"><span class='ocrx_word' id='word_1_27' title='bbox 358 353 592 395; x_wconf 85' lang='lat' dir='ltr'>Praeterea</span> <span class='ocrx_word' id='word_1_28' title='bbox 625 352 677 394; x_wconf 81' lang='lat' dir='ltr'>cf.</span> <span class='ocrx_word' id='word_1_29' title='bbox 716 354 748 393; x_wconf 85' lang='grc' dir='ltr'><strong><em>Γ</em></strong></span> <span class='ocrx_word' id='word_1_30' title='bbox 780 350 878 390; x_wconf 89' lang='grc'><strong>380.</strong></span> <span class='ocrx_word' id='word_1_31' title='bbox 915 350 950 390; x_wconf 88' lang='grc' dir='ltr'>Ε</span> <span class='ocrx_word' id='word_1_32' title='bbox 984 347 1083 388; x_wconf 90' lang='grc'><strong>248.</strong></span> <span class='ocrx_word' id='word_1_33' title='bbox 1117 348 1155 389; x_wconf 85' lang='grc' dir='ltr'><strong>Υ</strong></span> <span class='ocrx_word' id='word_1_34' title='bbox 1187 346 1286 388; x_wconf 90' lang='grc'><strong>209.</strong></span> <span class='ocrx_word' id='word_1_35' title='bbox 1320 348 1359 388; x_wconf 90' lang='grc' dir='ltr'><strong>Φ</strong></span> <span class='ocrx_word' id='word_1_36' title='bbox 1392 346 1491 387; x_wconf 90' lang='grc'><strong>430.</strong></span> <span class='ocrx_word' id='word_1_37' title='bbox 1524 348 1565 389; x_wconf 91' lang='lat' dir='ltr'>X</span> <span class='ocrx_word' id='word_1_38' title='bbox 1596 346 1696 387; x_wconf 88' lang='lat'><strong>470.</strong></span> <span class='ocrx_word' id='word_1_39' title='bbox 1730 348 1752 388; x_wconf 75' lang='lat'>8</span> <span class='ocrx_word' id='word_1_40' title='bbox 1779 347 1878 388; x_wconf 89' lang='grc'><strong>261.</strong></span> 
     </span>
    </p>

    <p class='ocr_par' dir='ltr' id='par_1_4' title="bbox 299 405 1999 586">
     <span class='ocr_line' id='line_1_5' title="bbox 358 405 1998 465; baseline -0.004 -11"><span class='ocrx_word' id='word_1_41' title='bbox 358 412 491 454; x_wconf 84' lang='lat' dir='ltr'>Hisce</span> <span class='ocrx_word' id='word_1_42' title='bbox 538 416 760 465; x_wconf 85' lang='lat' dir='ltr'><strong>perpensis</strong></span> <span class='ocrx_word' id='word_1_43' title='bbox 807 406 1012 460; x_wconf 70' lang='lat' dir='ltr'>colligere</span> <span class='ocrx_word' id='word_1_44' title='bbox 1054 405 1152 447; x_wconf 90' lang='lat' dir='ltr'>licet</span> <span class='ocrx_word' id='word_1_45' title='bbox 1199 412 1377 458; x_wconf 75' lang='lat' dir='ltr'>poetam</span> <span class='ocrx_word' id='word_1_46' title='bbox 1430 408 1462 447; x_wconf 91' lang='grc' dir='ltr'>Γ</span> <span class='ocrx_word' id='word_1_47' title='bbox 1503 405 1590 446; x_wconf 89' lang='lat'><strong>420</strong></span> <span class='ocrx_word' id='word_1_48' title='bbox 1621 413 1739 446; x_wconf 83' lang='lat' dir='ltr'>certa</span> <span class='ocrx_word' id='word_1_49' title='bbox 1771 414 1915 447; x_wconf 89' lang='lat' dir='ltr'>mente</span> <span class='ocrx_word' id='word_1_50' title='bbox 1947 420 1998 447; x_wconf 92' lang='lat' dir='ltr'>ac</span> 
     </span>
     <span class='ocr_line' id='line_1_6' title="bbox 299 460 1999 524; baseline -0.005 -10"><span class='ocrx_word' id='word_1_51' title='bbox 299 471 479 515; x_wconf 89' lang='lat' dir='ltr'>consilio</span> <span class='ocrx_word' id='word_1_52' title='bbox 511 485 667 512; x_wconf 89' lang='lat' dir='ltr'>vocem</span> <span class='ocrx_word' id='word_1_53' title='bbox 701 469 885 524; x_wconf 74' lang='grc' dir='ltr'>δαίμων,</span> <span class='ocrx_word' id='word_1_54' title='bbox 918 480 1004 518; x_wconf 86' lang='lat' dir='ltr'>qua</span> <span class='ocrx_word' id='word_1_55' title='bbox 1023 470 1111 506; x_wconf 90' lang='lat' dir='ltr'>vim</span> <span class='ocrx_word' id='word_1_56' title='bbox 1133 463 1325 505; x_wconf 89' lang='lat' dir='ltr'>divinam</span> <span class='ocrx_word' id='word_1_57' title='bbox 1343 462 1617 517; x_wconf 69' lang='lat' dir='ltr'>significaret,</span> <span class='ocrx_word' id='word_1_58' title='bbox 1636 469 1800 505; x_wconf 90' lang='lat' dir='ltr'>nomini</span> <span class='ocrx_word' id='word_1_59' title='bbox 1817 460 1999 517; x_wconf 76' lang='lat' dir='ltr'>proprio</span> 
     </span>
     <span class='ocr_line' id='line_1_7' title="bbox 299 530 565 586; baseline -0.015 -14"><span class='ocrx_word' id='word_1_60' title='bbox 299 530 565 586; x_wconf 84' lang='lat' dir='ltr'>praetulisse.</span> 
     </span>
    </p>

    <p class='ocr_par' dir='ltr' id='par_1_5' title="bbox 300 580 2000 694">
     <span class='ocr_line' id='line_1_8' title="bbox 358 580 2000 640; baseline -0.005 -10"><span class='ocrx_word' id='word_1_61' title='bbox 358 588 512 630; x_wconf 85' lang='lat' dir='ltr'>Verba</span> <span class='ocrx_word' id='word_1_62' title='bbox 560 586 649 629; x_wconf 79' lang='grc' dir='ltr'>ἐπεί</span> <span class='ocrx_word' id='word_1_63' title='bbox 699 586 733 640; x_wconf 78' lang='grc' dir='ltr'>ῥ’</span> <span class='ocrx_word' id='word_1_64' title='bbox 771 584 985 627; x_wconf 73' lang='grc' dir='ltr'>ἐπέλασσέ</span> <span class='ocrx_word' id='word_1_65' title='bbox 1037 600 1088 638; x_wconf 75' lang='grc' dir='ltr'>γε</span> <span class='ocrx_word' id='word_1_66' title='bbox 1116 584 1281 638; x_wconf 80' lang='grc' dir='ltr'>δαίμων</span> <span class='ocrx_word' id='word_1_67' title='bbox 1316 580 1370 634; x_wconf 87' lang='grc' dir='ltr'>[Ο</span> <span class='ocrx_word' id='word_1_68' title='bbox 1404 580 1504 635; x_wconf 85' lang='grc'><strong>418]</strong></span> <span class='ocrx_word' id='word_1_69' title='bbox 1536 589 1767 634; x_wconf 84' lang='lat' dir='ltr'>praeterea</span> <span class='ocrx_word' id='word_1_70' title='bbox 1798 580 2000 636; x_wconf 68' lang='lat' dir='ltr'>leguntur</span> 
     </span>
     <span class='ocr_line' id='line_1_9' title="bbox 300 639 1795 694; baseline -0.006 -4"><span class='ocrx_word' id='word_1_71' title='bbox 300 651 336 690; x_wconf 83' lang='grc' dir='ltr'>(Ι)</span> <span class='ocrx_word' id='word_1_72' title='bbox 371 649 437 691; x_wconf 87' lang='grc'>93,</span> <span class='ocrx_word' id='word_1_73' title='bbox 485 653 527 687; x_wconf 89' lang='lat' dir='ltr'>in</span> <span class='ocrx_word' id='word_1_74' title='bbox 573 659 723 686; x_wconf 89' lang='lat' dir='ltr'>versus</span> <span class='ocrx_word' id='word_1_75' title='bbox 771 649 913 687; x_wconf 86' lang='lat' dir='ltr'>exitu;</span> <span class='ocrx_word' id='word_1_76' title='bbox 948 640 1131 694; x_wconf 83' lang='lat' dir='ltr'>Lycaon</span> <span class='ocrx_word' id='word_1_77' title='bbox 1173 640 1230 683; x_wconf 92' lang='lat' dir='ltr'>ad</span> <span class='ocrx_word' id='word_1_78' title='bbox 1262 639 1477 682; x_wconf 72' lang='lat' dir='ltr'>Achillem</span> <span class='ocrx_word' id='word_1_79' title='bbox 1515 639 1569 692; x_wconf 90' lang='grc' dir='ltr'>[Φ</span> <span class='ocrx_word' id='word_1_80' title='bbox 1601 640 1656 682; x_wconf 89' lang='grc'>92</span> <span class='ocrx_word' id='word_1_81' title='bbox 1689 639 1795 694; x_wconf 85' lang='lat' dir='ltr'>sq.]:</span> 
     </span>
    </p>

    <p class='ocr_par' dir='ltr' id='par_1_6' title="bbox 473 701 1795 818">
     <span class='ocr_line' id='line_1_10' title="bbox 1223 701 1708 757; baseline -0.002 -16"><span class='ocrx_word' id='word_1_82' title='bbox 1223 701 1275 742; x_wconf 82' lang='grc' dir='ltr'>οὐ</span> <span class='ocrx_word' id='word_1_83' title='bbox 1311 701 1397 757; x_wconf 75' lang='grc' dir='ltr'>γὰρ</span> <span class='ocrx_word' id='word_1_84' title='bbox 1429 701 1523 752; x_wconf 77' lang='grc' dir='ltr'>ὀίω,</span> <span class='ocrx_word' id='word_1_85' title='bbox 1557 705 1708 752; x_wconf 86' lang='lat' dir='ltr'>inquit,</span> 
     </span>
     <span class='ocr_line' id='line_1_11' title="bbox 473 756 1795 818; baseline -0.005 -12"><span class='ocrx_word' id='word_1_86' title='bbox 473 766 550 813; x_wconf 72' lang='grc' dir='ltr'>σὰς</span> <span class='ocrx_word' id='word_1_87' title='bbox 584 768 730 818; x_wconf 73' lang='grc' dir='ltr'>χεῖρας</span> <span class='ocrx_word' id='word_1_88' title='bbox 765 762 1018 816; x_wconf 68' lang='grc' dir='ltr'>φεύξεσθαι,</span> <span class='ocrx_word' id='word_1_89' title='bbox 1053 759 1143 803; x_wconf 77' lang='grc' dir='ltr'>ἐπεί</span> <span class='ocrx_word' id='word_1_90' title='bbox 1178 761 1212 813; x_wconf 76' lang='grc' dir='ltr'>ῥ’</span> <span class='ocrx_word' id='word_1_91' title='bbox 1243 760 1457 803; x_wconf 75' lang='grc' dir='ltr'>ἐπέλασσέ</span> <span class='ocrx_word' id='word_1_92' title='bbox 1493 776 1544 814; x_wconf 81' lang='grc' dir='ltr'>γε</span> <span class='ocrx_word' id='word_1_93' title='bbox 1576 759 1748 814; x_wconf 69' lang='grc' dir='ltr'><strong>δαίμων.</strong></span> <span class='ocrx_word' id='word_1_94' title='bbox 1767 756 1795 811; x_wconf 88' lang='grc'>1)</span> 
     </span>
    </p>

    <p class='ocr_par' dir='ltr' id='par_1_7' title="bbox 300 817 2000 924">
     <span class='ocr_line' id='line_1_12' title="bbox 359 817 2000 875; baseline -0.004 -11"><span class='ocrx_word' id='word_1_95' title='bbox 359 822 526 875; x_wconf 75' lang='lat' dir='ltr'>Reliqui</span> <span class='ocrx_word' id='word_1_96' title='bbox 576 821 717 863; x_wconf 88' lang='lat' dir='ltr'>Iliadis</span> <span class='ocrx_word' id='word_1_97' title='bbox 765 822 862 865; x_wconf 90' lang='lat' dir='ltr'>loci,</span> <span class='ocrx_word' id='word_1_98' title='bbox 911 818 1068 872; x_wconf 88' lang='lat' dir='ltr'>quibus</span> <span class='ocrx_word' id='word_1_99' title='bbox 1116 819 1279 874; x_wconf 75' lang='grc' dir='ltr'>δαίμων</span> <span class='ocrx_word' id='word_1_100' title='bbox 1329 817 1567 860; x_wconf 78' lang='lat' dir='ltr'>hexametri</span> <span class='ocrx_word' id='word_1_101' title='bbox 1609 823 1766 859; x_wconf 89' lang='lat' dir='ltr'>exitum</span> <span class='ocrx_word' id='word_1_102' title='bbox 1800 825 2000 870; x_wconf 82' lang='lat' dir='ltr'>occupat,</span> 
     </span>
     <span class='ocr_line' id='line_1_13' title="bbox 300 883 502 924; baseline -0.01 0"><span class='ocrx_word' id='word_1_103' title='bbox 300 883 340 924; x_wconf 94' lang='lat' dir='ltr'>hi</span> <span class='ocrx_word' id='word_1_104' title='bbox 375 891 502 923; x_wconf 89' lang='lat' dir='ltr'>sunt:</span> 
     </span>
    </p>

    <p class='ocr_par' dir='ltr' id='par_1_8' title="bbox 360 933 1870 994">
     <span class='ocr_line' id='line_1_14' title="bbox 360 933 1870 994; baseline -0.003 -12"><span class='ocrx_word' id='word_1_105' title='bbox 360 940 374 982; x_wconf 92' lang='grc' dir='ltr'><strong>Ι</strong></span> <span class='ocrx_word' id='word_1_106' title='bbox 404 940 489 982; x_wconf 88' lang='grc'>600</span> <span class='ocrx_word' id='word_1_107' title='bbox 522 942 637 983; x_wconf 73' lang='grc' dir='ltr'>ἀλλὰ</span> <span class='ocrx_word' id='word_1_108' title='bbox 671 941 722 982; x_wconf 68' lang='grc' dir='ltr'>σὺ</span> <span class='ocrx_word' id='word_1_109' title='bbox 758 941 813 994; x_wconf 74' lang='grc' dir='ltr'>μή</span> <span class='ocrx_word' id='word_1_110' title='bbox 846 954 916 994; x_wconf 74' lang='grc' dir='ltr'>μοι</span> <span class='ocrx_word' id='word_1_111' title='bbox 950 942 1086 980; x_wconf 65' lang='grc' dir='ltr'><strong>ταῦτν.</strong></span> <span class='ocrx_word' id='word_1_112' title='bbox 1117 939 1204 980; x_wconf 80' lang='grc' dir='ltr'>νόει</span> <span class='ocrx_word' id='word_1_113' title='bbox 1242 933 1406 991; x_wconf 50' lang='grc' dir='ltr'>φρεσί,1</span> <span class='ocrx_word' id='word_1_114' title='bbox 1438 937 1546 993; x_wconf 80' lang='grc' dir='ltr'>μηδέ</span> <span class='ocrx_word' id='word_1_115' title='bbox 1579 953 1629 978; x_wconf 88' lang='grc' dir='ltr'>σε</span> <span class='ocrx_word' id='word_1_116' title='bbox 1661 936 1821 990; x_wconf 77' lang='grc' dir='ltr'>δαίμων</span> <span class='ocrx_word' id='word_1_117' title='bbox 1840 934 1870 987; x_wconf 76' lang='lat'>²)</span> 
     </span>
    </p>

    <p class='ocr_par' dir='ltr' id='par_1_9' title="bbox 358 994 1712 1055">
     <span class='ocr_line' id='line_1_15' title="bbox 358 994 1712 1055; baseline -0.004 -13"><span class='ocrx_word' id='word_1_118' title='bbox 358 999 429 1041; x_wconf 87' lang='lat' dir='ltr'>ubi</span> <span class='ocrx_word' id='word_1_119' title='bbox 461 1001 566 1055; x_wconf 70' lang='grc' dir='ltr'>μηδὲ</span> <span class='ocrx_word' id='word_1_120' title='bbox 600 1017 649 1045; x_wconf 78' lang='grc' dir='ltr'>σε</span> <span class='ocrx_word' id='word_1_121' title='bbox 683 1000 844 1053; x_wconf 77' lang='grc' dir='ltr'>δαίμων</span> <span class='ocrx_word' id='word_1_122' title='bbox 878 996 1036 1050; x_wconf 69' lang='lat' dir='ltr'>legitur</span> <span class='ocrx_word' id='word_1_123' title='bbox 1068 1004 1169 1048; x_wconf 89' lang='lat' dir='ltr'>post</span> <span class='ocrx_word' id='word_1_124' title='bbox 1201 994 1418 1037; x_wconf 80' lang='lat' dir='ltr'>diaeresin</span> <span class='ocrx_word' id='word_1_125' title='bbox 1454 994 1712 1037; x_wconf 87' lang='lat' dir='ltr'>bucolicam.</span> 
     </span>
    </p>

    <p class='ocr_par' dir='ltr' id='par_1_10' title="bbox 359 1052 1694 1113">
     <span class='ocr_line' id='line_1_16' title="bbox 359 1052 1694 1113; baseline -0.004 -12"><span class='ocrx_word' id='word_1_126' title='bbox 359 1062 397 1101; x_wconf 64' lang='lat' dir='ltr'>A</span> <span class='ocrx_word' id='word_1_127' title='bbox 429 1059 515 1100; x_wconf 82' lang='lat'>480</span> <span class='ocrx_word' id='word_1_128' title='bbox 563 1061 604 1101; x_wconf 82' lang='grc' dir='ltr'>ἐν</span> <span class='ocrx_word' id='word_1_129' title='bbox 635 1060 753 1113; x_wconf 77' lang='grc' dir='ltr'>νέμεϊ</span> <span class='ocrx_word' id='word_1_130' title='bbox 798 1056 1085 1113; x_wconf 62' lang='grc' dir='ltr'>σκιερῷ·]»ἐπί</span> <span class='ocrx_word' id='word_1_131' title='bbox 1118 1073 1163 1099; x_wconf 77' lang='grc' dir='ltr'>τε</span> <span class='ocrx_word' id='word_1_132' title='bbox 1197 1059 1263 1097; x_wconf 73' lang='grc' dir='ltr'>λῖν</span> <span class='ocrx_word' id='word_1_133' title='bbox 1295 1057 1440 1111; x_wconf 69' lang='grc' dir='ltr'>ἤγαγε</span> <span class='ocrx_word' id='word_1_134' title='bbox 1474 1052 1694 1110; x_wconf 75' lang='grc' dir='ltr'><strong>δαίμων,3)</strong></span> 
     </span>
    </p>

    <p class='ocr_par' dir='ltr' id='par_1_11' title="bbox 303 1123 2002 1242">
     <span class='ocr_line' id='line_1_17' title="bbox 359 1123 1822 1182; baseline -0.004 -11"><span class='ocrx_word' id='word_1_135' title='bbox 359 1144 471 1182; x_wconf 85' lang='lat' dir='ltr'>quae</span> <span class='ocrx_word' id='word_1_136' title='bbox 504 1128 643 1170; x_wconf 85' lang='lat' dir='ltr'>verba</span> <span class='ocrx_word' id='word_1_137' title='bbox 675 1144 701 1170; x_wconf 93' lang='lat' dir='ltr'>a</span> <span class='ocrx_word' id='word_1_138' title='bbox 733 1134 867 1181; x_wconf 70' lang='lat' dir='ltr'>poeta</span> <span class='ocrx_word' id='word_1_139' title='bbox 900 1132 996 1180; x_wconf 91' lang='lat' dir='ltr'>ipso</span> <span class='ocrx_word' id='word_1_140' title='bbox 1027 1131 1069 1167; x_wconf 93' lang='lat' dir='ltr'>in</span> <span class='ocrx_word' id='word_1_141' title='bbox 1102 1131 1434 1178; x_wconf 80' lang='lat' dir='ltr'>comparatione</span> <span class='ocrx_word' id='word_1_142' title='bbox 1467 1123 1745 1166; x_wconf 76' lang='lat' dir='ltr'>adhibentur.</span> <span class='ocrx_word' id='word_1_143' title='bbox 1820 1176 1822 1180; x_wconf 45' lang='lat'>.</span> 
     </span>
     <span class='ocr_line' id='line_1_18' title="bbox 303 1182 2002 1242; baseline -0.004 -12"><span class='ocrx_word' id='word_1_144' title='bbox 303 1188 350 1230; x_wconf 89' lang='lat' dir='ltr'>ln</span> <span class='ocrx_word' id='word_1_145' title='bbox 370 1187 503 1230; x_wconf 90' lang='lat' dir='ltr'>Iliade</span> <span class='ocrx_word' id='word_1_146' title='bbox 517 1204 632 1230; x_wconf 83' lang='lat' dir='ltr'>nom.</span> <span class='ocrx_word' id='word_1_147' title='bbox 647 1193 754 1242; x_wconf 69' lang='lat' dir='ltr'>sing.</span> <span class='ocrx_word' id='word_1_148' title='bbox 769 1188 932 1241; x_wconf 80' lang='grc' dir='ltr'>δαίμων</span> <span class='ocrx_word' id='word_1_149' title='bbox 946 1191 987 1227; x_wconf 91' lang='lat' dir='ltr'>in</span> <span class='ocrx_word' id='word_1_150' title='bbox 1001 1184 1153 1226; x_wconf 83' lang='lat' dir='ltr'>ultimo</span> <span class='ocrx_word' id='word_1_151' title='bbox 1167 1183 1279 1238; x_wconf 89' lang='lat' dir='ltr'>pede</span> <span class='ocrx_word' id='word_1_152' title='bbox 1296 1183 1453 1237; x_wconf 70' lang='lat' dir='ltr'>legitur</span> <span class='ocrx_word' id='word_1_153' title='bbox 1470 1190 1512 1225; x_wconf 92' lang='lat' dir='ltr'>in</span> <span class='ocrx_word' id='word_1_154' title='bbox 1532 1183 1596 1225; x_wconf 90' lang='lat' dir='ltr'>his</span> <span class='ocrx_word' id='word_1_155' title='bbox 1614 1189 1738 1225; x_wconf 88' lang='lat' dir='ltr'>metri</span> <span class='ocrx_word' id='word_1_156' title='bbox 1751 1182 2002 1224; x_wconf 84' lang='lat' dir='ltr'>schematis:</span> 
     </span>
    </p>

    <p class='ocr_par' dir='ltr' id='par_1_12' title="bbox 771 1242 1823 1301">
     <span class='ocr_line' id='line_1_19' title="bbox 771 1242 1823 1301; baseline -0.005 -13"><span class='ocrx_word' id='word_1_157' title='bbox 771 1248 875 1301; x_wconf 79' lang='grc' dir='ltr'>ἦρχε</span> <span class='ocrx_word' id='word_1_158' title='bbox 911 1247 955 1288; x_wconf 81' lang='grc' dir='ltr'>’δὲ</span> <span class='ocrx_word' id='word_1_159' title='bbox 989 1245 1167 1299; x_wconf 73' lang='grc' dir='ltr'>δαίμων,</span> <span class='ocrx_word' id='word_1_160' title='bbox 1200 1252 1302 1297; x_wconf 92' lang='lat' dir='ltr'>post</span> <span class='ocrx_word' id='word_1_161' title='bbox 1333 1243 1547 1285; x_wconf 85' lang='lat' dir='ltr'>diaeresin</span> <span class='ocrx_word' id='word_1_162' title='bbox 1580 1242 1823 1284; x_wconf 92' lang='lat' dir='ltr'>bucolicam</span> 
     </span>
    </p>

    <p class='ocr_par' dir='ltr' id='par_1_13' title="bbox 782 1299 2003 1419">
     <span class='ocr_line' id='line_1_20' title="bbox 782 1299 2003 1358; baseline -0.004 -11"><span class='ocrx_word' id='word_1_163' title='bbox 782 1306 838 1356; x_wconf 75' lang='grc' dir='ltr'>εἰς</span> <span class='ocrx_word' id='word_1_164' title='bbox 872 1307 893 1347; x_wconf 77' lang='grc' dir='ltr'>ὅ</span> <span class='ocrx_word' id='word_1_165' title='bbox 931 1322 979 1347; x_wconf 80' lang='grc' dir='ltr'>κε</span> <span class='ocrx_word' id='word_1_166' title='bbox 1014 1304 1192 1358; x_wconf 75' lang='grc' dir='ltr'>δαίμων,</span> <span class='ocrx_word' id='word_1_167' title='bbox 1236 1301 1374 1343; x_wconf 84' lang='lat' dir='ltr'>tribus</span> <span class='ocrx_word' id='word_1_168' title='bbox 1418 1301 1524 1344; x_wconf 91' lang='lat' dir='ltr'>locis</span> <span class='ocrx_word' id='word_1_169' title='bbox 1556 1310 1657 1355; x_wconf 90' lang='lat' dir='ltr'>post</span> <span class='ocrx_word' id='word_1_170' title='bbox 1690 1300 1824 1343; x_wconf 90' lang='lat' dir='ltr'>diaer.</span> <span class='ocrx_word' id='word_1_171' title='bbox 1858 1299 2003 1342; x_wconf 88' lang='lat' dir='ltr'>bucol.</span> 
     </span>
     <span class='ocr_line' id='line_1_21' title="bbox 782 1360 1662 1419; baseline -0.006 -13"><span class='ocrx_word' id='word_1_172' title='bbox 782 1365 890 1419; x_wconf 73' lang='grc' dir='ltr'>μηδὲ</span> <span class='ocrx_word' id='word_1_173' title='bbox 924 1381 971 1405; x_wconf 80' lang='grc' dir='ltr'>σε</span> <span class='ocrx_word' id='word_1_174' title='bbox 1006 1364 1182 1417; x_wconf 72' lang='grc' dir='ltr'>δαίμων,</span> <span class='ocrx_word' id='word_1_175' title='bbox 1219 1370 1319 1414; x_wconf 86' lang='lat' dir='ltr'>post</span> <span class='ocrx_word' id='word_1_176' title='bbox 1351 1360 1484 1403; x_wconf 82' lang='lat' dir='ltr'>diaer.</span> <span class='ocrx_word' id='word_1_177' title='bbox 1519 1360 1662 1403; x_wconf 87' lang='lat' dir='ltr'>bucol.</span> 
     </span>
    </p>

    <p class='ocr_par' dir='ltr' id='par_1_14' title="bbox 780 1423 1113 1478">
     <span class='ocr_line' id='line_1_22' title="bbox 780 1423 1113 1478; baseline -0.006 -13"><span class='ocrx_word' id='word_1_178' title='bbox 780 1425 920 1478; x_wconf 70' lang='grc' dir='ltr'>ἤγαγε</span> <span class='ocrx_word' id='word_1_179' title='bbox 952 1423 1113 1477; x_wconf 79' lang='grc' dir='ltr'>δαίμων</span> 
     </span>
    </p>

    <p class='ocr_par' dir='ltr' id='par_1_15' title="bbox 784 1480 1292 1536">
     <span class='ocr_line' id='line_1_23' title="bbox 784 1480 1292 1536; baseline -0.008 -11"><span class='ocrx_word' id='word_1_180' title='bbox 784 1483 1000 1525; x_wconf 75' lang='grc' dir='ltr'>ἐπέλασσέ</span> <span class='ocrx_word' id='word_1_181' title='bbox 1031 1499 1081 1536; x_wconf 81' lang='grc' dir='ltr'>γε</span> <span class='ocrx_word' id='word_1_182' title='bbox 1115 1480 1292 1534; x_wconf 64' lang='grc' dir='ltr'><strong>δαίμων.</strong></span> 
     </span>
    </p>

    <p class='ocr_par' dir='ltr' id='par_1_16' title="bbox 303 1537 2006 1654">
     <span class='ocr_line' id='line_1_24' title="bbox 362 1537 2006 1595; baseline -0.004 -11"><span class='ocrx_word' id='word_1_183' title='bbox 362 1541 444 1584; x_wconf 89' lang='lat' dir='ltr'>His</span> <span class='ocrx_word' id='word_1_184' title='bbox 477 1556 653 1595; x_wconf 85' lang='lat' dir='ltr'>quoque</span> <span class='ocrx_word' id='word_1_185' title='bbox 686 1541 792 1583; x_wconf 90' lang='lat' dir='ltr'>locis</span> <span class='ocrx_word' id='word_1_186' title='bbox 809 1547 986 1594; x_wconf 75' lang='lat' dir='ltr'>poetam</span> <span class='ocrx_word' id='word_1_187' title='bbox 1004 1546 1218 1592; x_wconf 66' lang='lat' dir='ltr'>integram</span> <span class='ocrx_word' id='word_1_188' title='bbox 1236 1537 1364 1580; x_wconf 90' lang='lat' dir='ltr'>aliam</span> <span class='ocrx_word' id='word_1_189' title='bbox 1382 1537 1621 1580; x_wconf 87' lang='lat' dir='ltr'>verborum</span> <span class='ocrx_word' id='word_1_190' title='bbox 1639 1542 2006 1591; x_wconf 86' lang='lat' dir='ltr'>compositionem</span> 
     </span>
     <span class='ocr_line' id='line_1_25' title="bbox 303 1601 1371 1654; baseline -0.005 -11"><span class='ocrx_word' id='word_1_191' title='bbox 303 1601 383 1644; x_wconf 89' lang='lat' dir='ltr'>sibi</span> <span class='ocrx_word' id='word_1_192' title='bbox 414 1616 641 1643; x_wconf 87' lang='lat' dir='ltr'>reservare</span> <span class='ocrx_word' id='word_1_193' title='bbox 675 1606 882 1654; x_wconf 88' lang='lat' dir='ltr'>potuisse.</span> <span class='ocrx_word' id='word_1_194' title='bbox 917 1608 1261 1641; x_wconf 89' lang='lat' dir='ltr'>consentaneum</span> <span class='ocrx_word' id='word_1_195' title='bbox 1295 1606 1371 1639; x_wconf 87' lang='lat' dir='ltr'>est.</span> 
     </span>
    </p>

    <p class='ocr_par' dir='ltr' id='par_1_17' title="bbox 303 1654 2007 1830">
     <span class='ocr_line' id='line_1_26' title="bbox 364 1654 2007 1710; baseline -0.004 -7"><span class='ocrx_word' id='word_1_196' title='bbox 364 1659 465 1703; x_wconf 82' lang='lat' dir='ltr'>Hoc</span> <span class='ocrx_word' id='word_1_197' title='bbox 512 1669 675 1702; x_wconf 88' lang='lat' dir='ltr'>certum</span> <span class='ocrx_word' id='word_1_198' title='bbox 725 1668 801 1705; x_wconf 81' lang='lat' dir='ltr'>est,</span> <span class='ocrx_word' id='word_1_199' title='bbox 850 1658 1043 1700; x_wconf 90' lang='lat' dir='ltr'>ultimum</span> <span class='ocrx_word' id='word_1_200' title='bbox 1087 1657 1327 1700; x_wconf 84' lang='lat' dir='ltr'>hexametri</span> <span class='ocrx_word' id='word_1_201' title='bbox 1367 1655 1526 1710; x_wconf 90' lang='lat' dir='ltr'>pedem</span> <span class='ocrx_word' id='word_1_202' title='bbox 1559 1672 1650 1698; x_wconf 91' lang='lat' dir='ltr'>non</span> <span class='ocrx_word' id='word_1_203' title='bbox 1683 1670 1813 1708; x_wconf 89' lang='lat' dir='ltr'>posse</span> <span class='ocrx_word' id='word_1_204' title='bbox 1845 1654 2007 1708; x_wconf 84' lang='lat' dir='ltr'>expleri</span> 
     </span>
     <span class='ocr_line' id='line_1_27' title="bbox 303 1713 2007 1773; baseline -0.003 -13"><span class='ocrx_word' id='word_1_205' title='bbox 303 1735 416 1762; x_wconf 87' lang='lat' dir='ltr'>voce</span> <span class='ocrx_word' id='word_1_206' title='bbox 464 1735 546 1773; x_wconf 85' lang='lat' dir='ltr'>q.e.</span> <span class='ocrx_word' id='word_1_207' title='bbox 590 1722 709 1770; x_wconf 68' lang='grc' dir='ltr'><strong>θεός,</strong></span> <span class='ocrx_word' id='word_1_208' title='bbox 753 1734 882 1772; x_wconf 86' lang='lat' dir='ltr'>quam</span> <span class='ocrx_word' id='word_1_209' title='bbox 915 1724 949 1760; x_wconf 90' lang='lat' dir='ltr'>si</span> <span class='ocrx_word' id='word_1_210' title='bbox 981 1717 1192 1759; x_wconf 87' lang='lat' dir='ltr'>adhibere</span> <span class='ocrx_word' id='word_1_211' title='bbox 1223 1715 1435 1758; x_wconf 86' lang='lat' dir='ltr'>voluisset</span> <span class='ocrx_word' id='word_1_212' title='bbox 1467 1722 1614 1769; x_wconf 78' lang='lat' dir='ltr'>po&#39;eta,</span> <span class='ocrx_word' id='word_1_213' title='bbox 1648 1715 1732 1757; x_wconf 89' lang='lat' dir='ltr'>alia</span> <span class='ocrx_word' id='word_1_214' title='bbox 1768 1713 2007 1756; x_wconf 87' lang='lat' dir='ltr'>verborum</span> 
     </span>
     <span class='ocr_line' id='line_1_28' title="bbox 304 1776 1032 1830; baseline -0.003 -10"><span class='ocrx_word' id='word_1_215' title='bbox 304 1785 557 1821; x_wconf 85' lang='lat' dir='ltr'>consecutio</span> <span class='ocrx_word' id='word_1_216' title='bbox 588 1784 626 1820; x_wconf 92' lang='lat' dir='ltr'>ei</span> <span class='ocrx_word' id='word_1_217' title='bbox 659 1778 738 1820; x_wconf 85' lang='lat' dir='ltr'>fuit</span> <span class='ocrx_word' id='word_1_218' title='bbox 771 1776 1032 1830; x_wconf 67' lang='lat' dir='ltr'>deligenda:</span> 
     </span>
    </p>

    <p class='ocr_par' dir='ltr' id='par_1_18' title="bbox 363 1835 1820 1894">
     <span class='ocr_line' id='line_1_29' title="bbox 363 1835 1820 1894; baseline -0.003 -14"><span class='ocrx_word' id='word_1_219' title='bbox 363 1838 415 1880; x_wconf 80' lang='lat' dir='ltr'>cf.</span> <span class='ocrx_word' id='word_1_220' title='bbox 448 1858 473 1894; x_wconf 95' lang='grc' dir='ltr'>η</span> <span class='ocrx_word' id='word_1_221' title='bbox 507 1839 590 1879; x_wconf 82' lang='grc'>254</span> <span class='ocrx_word' id='word_1_222' title='bbox 623 1843 748 1893; x_wconf 75' lang='grc' dir='ltr'>νῆσον</span> <span class='ocrx_word' id='word_1_223' title='bbox 783 1840 822 1887; x_wconf 78' lang='grc' dir='ltr'>ἐς</span> <span class='ocrx_word' id='word_1_224' title='bbox 858 1837 1075 1893; x_wconf 72' lang='grc' dir='ltr'>Ὠγυγίην</span> <span class='ocrx_word' id='word_1_225' title='bbox 1111 1837 1306 1879; x_wconf 71' lang='grc' dir='ltr'>πέλασαν</span> <span class='ocrx_word' id='word_1_226' title='bbox 1337 1836 1452 1885; x_wconf 70' lang='grc' dir='ltr'>θεοί,</span> <span class='ocrx_word' id='word_1_227' title='bbox 1487 1837 1594 1877; x_wconf 67' lang='grc' dir='ltr'>ἔνθα</span> <span class='ocrx_word' id='word_1_228' title='bbox 1628 1835 1820 1889; x_wconf 69' lang='grc' dir='ltr'>Καλυψώ</span> 
     </span>
    </p>

    <p class='ocr_par' dir='ltr' id='par_1_19' title="bbox 365 1892 2005 1949">
     <span class='ocr_line' id='line_1_30' title="bbox 365 1892 2005 1949; baseline -0.004 -10"><span class='ocrx_word' id='word_1_229' title='bbox 365 1900 401 1940; x_wconf 68' lang='lat' dir='ltr'>N</span> <span class='ocrx_word' id='word_1_230' title='bbox 441 1899 454 1938; x_wconf 94' lang='lat' dir='ltr'>l</span> <span class='ocrx_word' id='word_1_231' title='bbox 626 1899 731 1948; x_wconf 71' lang='grc' dir='ltr'>Ζεὺς</span> <span class='ocrx_word' id='word_1_232' title='bbox 767 1897 819 1948; x_wconf 72' lang='grc' dir='ltr'>δ’,</span> <span class='ocrx_word' id='word_1_233' title='bbox 854 1897 946 1939; x_wconf 77' lang='grc' dir='ltr'>ἐπεὶ</span> <span class='ocrx_word' id='word_1_234' title='bbox 980 1898 1053 1938; x_wconf 71' lang='grc' dir='ltr'>οὖν</span> <span class='ocrx_word' id='word_1_235' title='bbox 1084 1897 1240 1949; x_wconf 80' lang='grc' dir='ltr'>Τρῶάς</span> <span class='ocrx_word' id='word_1_236' title='bbox 1271 1912 1319 1937; x_wconf 81' lang='grc' dir='ltr'>τε</span> <span class='ocrx_word' id='word_1_237' title='bbox 1340 1894 1416 1936; x_wconf 76' lang='grc' dir='ltr'>καὶ</span> <span class='ocrx_word' id='word_1_238' title='bbox 1435 1895 1639 1948; x_wconf 76' lang='grc' dir='ltr'>”Εκτορα</span> <span class='ocrx_word' id='word_1_239' title='bbox 1656 1892 1779 1948; x_wconf 81' lang='grc' dir='ltr'>νηυσὶ</span> <span class='ocrx_word' id='word_1_240' title='bbox 1796 1893 2005 1942; x_wconf 73' lang='grc' dir='ltr'>πέλασσε,</span> 
     </span>
    </p>

    <p class='ocr_par' dir='ltr' id='par_1_20' title="bbox 359 1953 1770 2010">
     <span class='ocr_line' id='line_1_31' title="bbox 359 1953 1770 2010; baseline -0.003 -12"><span class='ocrx_word' id='word_1_241' title='bbox 359 1959 398 1998; x_wconf 76' lang='grc' dir='ltr'>Ω</span> <span class='ocrx_word' id='word_1_242' title='bbox 432 1957 515 1998; x_wconf 83' lang='grc'>564</span> <span class='ocrx_word' id='word_1_243' title='bbox 622 1959 714 1999; x_wconf 74' lang='grc' dir='ltr'>ὅττι</span> <span class='ocrx_word' id='word_1_244' title='bbox 746 1959 862 1998; x_wconf 68' lang='grc' dir='ltr'>θεῶν</span> <span class='ocrx_word' id='word_1_245' title='bbox 895 1957 957 2006; x_wconf 77' lang='grc' dir='ltr'>τίς</span> <span class='ocrx_word' id='word_1_246' title='bbox 991 1956 1029 1997; x_wconf 74' lang='lat'>(5³</span> <span class='ocrx_word' id='word_1_247' title='bbox 1067 1957 1147 2010; x_wconf 74' lang='grc' dir='ltr'>ἦγε</span> <span class='ocrx_word' id='word_1_248' title='bbox 1179 1955 1288 2003; x_wconf 67' lang='grc' dir='ltr'>θοὰς</span> <span class='ocrx_word' id='word_1_249' title='bbox 1324 1953 1393 1997; x_wconf 79' lang='grc' dir='ltr'>ἐπὶ</span> <span class='ocrx_word' id='word_1_250' title='bbox 1423 1958 1524 2008; x_wconf 62' lang='grc' dir='ltr'>νῆας</span> <span class='ocrx_word' id='word_1_251' title='bbox 1561 1953 1770 2008; x_wconf 75' lang='grc' dir='ltr'>Ἀχαιῶν·</span> 
     </span>
    </p>

    <p class='ocr_par' dir='ltr' id='par_1_21' title="bbox 307 2011 2009 2246">
     <span class='ocr_line' id='line_1_32' title="bbox 370 2011 2009 2068; baseline -0.002 -11"><span class='ocrx_word' id='word_1_252' title='bbox 370 2013 472 2057; x_wconf 83' lang='lat' dir='ltr'>Uno</span> <span class='ocrx_word' id='word_1_253' title='bbox 502 2016 600 2057; x_wconf 85' lang='lat' dir='ltr'>loco</span> <span class='ocrx_word' id='word_1_254' title='bbox 636 2013 691 2068; x_wconf 87' lang='grc' dir='ltr'>[Φ</span> <span class='ocrx_word' id='word_1_255' title='bbox 721 2015 818 2066; x_wconf 85' lang='lat'><strong>103]</strong></span> <span class='ocrx_word' id='word_1_256' title='bbox 851 2014 1034 2068; x_wconf 69' lang='lat' dir='ltr'>legitur:</span> <span class='ocrx_word' id='word_1_257' title='bbox 1066 2018 1135 2056; x_wconf 77' lang='grc' dir='ltr'>νῦν</span> <span class='ocrx_word' id='word_1_258' title='bbox 1171 2014 1206 2055; x_wconf 79' lang='grc' dir='ltr'>δ’</span> <span class='ocrx_word' id='word_1_259' title='bbox 1232 2014 1315 2056; x_wconf 81' lang='grc' dir='ltr'>οὐκ</span> <span class='ocrx_word' id='word_1_260' title='bbox 1348 2013 1443 2056; x_wconf 65' lang='grc' dir='ltr'>ἔσθ’</span> <span class='ocrx_word' id='word_1_261' title='bbox 1481 2014 1523 2062; x_wconf 76' lang='grc' dir='ltr'>ὅς</span> <span class='ocrx_word' id='word_1_262' title='bbox 1557 2029 1620 2062; x_wconf 73' lang='grc' dir='ltr'>τις</span> <span class='ocrx_word' id='word_1_263' title='bbox 1654 2013 1841 2054; x_wconf 74' lang='grc' dir='ltr'>θάνατον</span> <span class='ocrx_word' id='word_1_264' title='bbox 1878 2011 2009 2066; x_wconf 77' lang='grc' dir='ltr'><strong>φύγῃ,</strong></span> 
     </span>
     <span class='ocr_line' id='line_1_33' title="bbox 307 2070 2006 2130; baseline -0.004 -14"><span class='ocrx_word' id='word_1_265' title='bbox 307 2077 350 2117; x_wconf 72' lang='grc' dir='ltr'>ὅν</span> <span class='ocrx_word' id='word_1_266' title='bbox 387 2093 435 2117; x_wconf 80' lang='grc' dir='ltr'>κε</span> <span class='ocrx_word' id='word_1_267' title='bbox 469 2077 571 2126; x_wconf 71' lang='grc' dir='ltr'>θεὸς</span> <span class='ocrx_word' id='word_1_268' title='bbox 607 2073 718 2130; x_wconf 65' lang='grc' dir='ltr'><strong>γε.4)</strong></span> <span class='ocrx_word' id='word_1_269' title='bbox 752 2077 790 2116; x_wconf 88' lang='grc' dir='ltr'><strong>Φ</strong></span> <span class='ocrx_word' id='word_1_270' title='bbox 823 2074 879 2116; x_wconf 80' lang='lat'>93</span> <span class='ocrx_word' id='word_1_271' title='bbox 913 2082 956 2115; x_wconf 86' lang='lat' dir='ltr'>et</span> <span class='ocrx_word' id='word_1_272' title='bbox 990 2076 1025 2117; x_wconf 89' lang='lat' dir='ltr'>O</span> <span class='ocrx_word' id='word_1_273' title='bbox 1058 2073 1144 2114; x_wconf 84' lang='lat'>418</span> <span class='ocrx_word' id='word_1_274' title='bbox 1177 2087 1259 2126; x_wconf 82' lang='lat' dir='ltr'>pto</span> <span class='ocrx_word' id='word_1_275' title='bbox 1293 2073 1384 2115; x_wconf 78' lang='grc' dir='ltr'>ἐπεί</span> <span class='ocrx_word' id='word_1_276' title='bbox 1418 2072 1453 2127; x_wconf 83' lang='grc' dir='ltr'>ῥ’</span> <span class='ocrx_word' id='word_1_277' title='bbox 1503 2072 1714 2114; x_wconf 70' lang='grc' dir='ltr'>ἐπέλασσέ</span> <span class='ocrx_word' id='word_1_278' title='bbox 1762 2086 1811 2125; x_wconf 83' lang='grc' dir='ltr'>γε</span> <span class='ocrx_word' id='word_1_279' title='bbox 1845 2070 2006 2124; x_wconf 57' lang='grc' dir='ltr'>δαίμων</span> 
     </span>
     <span class='ocr_line' id='line_1_34' title="bbox 307 2128 2008 2187; baseline -0.003 -13"><span class='ocrx_word' id='word_1_280' title='bbox 307 2132 441 2175; x_wconf 88' lang='lat' dir='ltr'>subici</span> <span class='ocrx_word' id='word_1_281' title='bbox 488 2143 671 2187; x_wconf 84' lang='lat' dir='ltr'>possunt</span> <span class='ocrx_word' id='word_1_282' title='bbox 718 2133 853 2175; x_wconf 86' lang='lat' dir='ltr'>haec:</span> <span class='ocrx_word' id='word_1_283' title='bbox 904 2133 996 2176; x_wconf 78' lang='grc' dir='ltr'>ἐπεί</span> <span class='ocrx_word' id='word_1_284' title='bbox 1032 2133 1066 2187; x_wconf 73' lang='grc' dir='ltr'>ῥ’</span> <span class='ocrx_word' id='word_1_285' title='bbox 1102 2133 1320 2175; x_wconf 71' lang='grc' dir='ltr'>ἐπέλασσε</span> <span class='ocrx_word' id='word_1_286' title='bbox 1358 2133 1456 2181; x_wconf 68' lang='grc' dir='ltr'>θεός</span> <span class='ocrx_word' id='word_1_287' title='bbox 1492 2148 1558 2186; x_wconf 75' lang='grc' dir='ltr'>γε,</span> <span class='ocrx_word' id='word_1_288' title='bbox 1591 2129 1635 2171; x_wconf 91' lang='lat' dir='ltr'>id</span> <span class='ocrx_word' id='word_1_289' title='bbox 1668 2128 1788 2182; x_wconf 83' lang='lat' dir='ltr'>quod</span> <span class='ocrx_word' id='word_1_290' title='bbox 1820 2133 2008 2170; x_wconf 87' lang='lat' dir='ltr'>vicissim</span> 
     </span>
     <span class='ocr_line' id='line_1_35' title="bbox 308 2191 709 2246; baseline 0.002 -14"><span class='ocrx_word' id='word_1_291' title='bbox 308 2191 399 2234; x_wconf 88' lang='lat' dir='ltr'>fieri</span> <span class='ocrx_word' id='word_1_292' title='bbox 430 2208 518 2234; x_wconf 89' lang='lat' dir='ltr'>non</span> <span class='ocrx_word' id='word_1_293' title='bbox 552 2201 709 2246; x_wconf 87' lang='lat' dir='ltr'>potest.</span> 
     </span>
    </p>

    <p class='ocr_par' dir='ltr' id='par_1_22' title="bbox 308 2246 2009 2423">
     <span class='ocr_line' id='line_1_36' title="bbox 367 2246 2008 2308; baseline -0.003 -16"><span class='ocrx_word' id='word_1_294' title='bbox 367 2250 429 2292; x_wconf 84' lang='lat' dir='ltr'>Ex</span> <span class='ocrx_word' id='word_1_295' title='bbox 463 2267 517 2294; x_wconf 90' lang='lat' dir='ltr'>eo</span> <span class='ocrx_word' id='word_1_296' title='bbox 545 2251 665 2305; x_wconf 88' lang='lat' dir='ltr'>quod</span> <span class='ocrx_word' id='word_1_297' title='bbox 698 2254 801 2302; x_wconf 69' lang='grc' dir='ltr'>θεὸς</span> <span class='ocrx_word' id='word_1_298' title='bbox 838 2269 891 2308; x_wconf 71' lang='grc' dir='ltr'>γε</span> <span class='ocrx_word' id='word_1_299' title='bbox 922 2250 1054 2292; x_wconf 89' lang='lat' dir='ltr'>semel</span> <span class='ocrx_word' id='word_1_300' title='bbox 1088 2251 1249 2305; x_wconf 72' lang='grc' dir='ltr'>δαίμων</span> <span class='ocrx_word' id='word_1_301' title='bbox 1284 2257 1440 2291; x_wconf 84' lang='lat' dir='ltr'>contra</span> <span class='ocrx_word' id='word_1_302' title='bbox 1474 2253 1614 2290; x_wconf 90' lang='lat' dir='ltr'>tricies</span> <span class='ocrx_word' id='word_1_303' title='bbox 1639 2253 1777 2289; x_wconf 88' lang='lat' dir='ltr'>sexies</span> <span class='ocrx_word' id='word_1_304' title='bbox 1794 2252 1838 2288; x_wconf 87' lang='lat' dir='ltr'>in</span> <span class='ocrx_word' id='word_1_305' title='bbox 1855 2246 2008 2288; x_wconf 90' lang='lat' dir='ltr'>ultimo</span> 
     </span>
     <span class='ocr_line' id='line_1_37' title="bbox 309 2304 2009 2365; baseline -0.003 -14"><span class='ocrx_word' id='word_1_306' title='bbox 309 2310 420 2362; x_wconf 89' lang='lat' dir='ltr'>pede</span> <span class='ocrx_word' id='word_1_307' title='bbox 453 2310 620 2364; x_wconf 66' lang='lat' dir='ltr'>legitur,</span> <span class='ocrx_word' id='word_1_308' title='bbox 654 2310 947 2365; x_wconf 68' lang='lat' dir='ltr'>colligendum</span> <span class='ocrx_word' id='word_1_309' title='bbox 981 2325 1076 2352; x_wconf 92' lang='lat' dir='ltr'>esse</span> <span class='ocrx_word' id='word_1_310' title='bbox 1124 2318 1246 2362; x_wconf 89' lang='lat' dir='ltr'>puto,</span> <span class='ocrx_word' id='word_1_311' title='bbox 1295 2315 1474 2362; x_wconf 73' lang='lat' dir='ltr'>poetam</span> <span class='ocrx_word' id='word_1_312' title='bbox 1522 2306 1635 2349; x_wconf 88' lang='lat' dir='ltr'>hanc</span> <span class='ocrx_word' id='word_1_313' title='bbox 1682 2304 1918 2348; x_wconf 89' lang='lat' dir='ltr'>clausulam</span> <span class='ocrx_word' id='word_1_314' title='bbox 1966 2310 2009 2346; x_wconf 89' lang='lat' dir='ltr'>in</span> 
     </span>
     <span class='ocr_line' id='line_1_38' title="bbox 308 2364 2008 2423; baseline -0.002 -13"><span class='ocrx_word' id='word_1_315' title='bbox 308 2368 545 2411; x_wconf 85' lang='lat' dir='ltr'>hexametri</span> <span class='ocrx_word' id='word_1_316' title='bbox 593 2376 708 2412; x_wconf 92' lang='lat' dir='ltr'>exitu</span> <span class='ocrx_word' id='word_1_317' title='bbox 752 2369 875 2411; x_wconf 89' lang='lat' dir='ltr'>alteri</span> <span class='ocrx_word' id='word_1_318' title='bbox 922 2368 1190 2423; x_wconf 78' lang='lat' dir='ltr'>praetulisse,</span> <span class='ocrx_word' id='word_1_319' title='bbox 1240 2373 1343 2421; x_wconf 85' lang='lat' dir='ltr'>quin</span> <span class='ocrx_word' id='word_1_320' title='bbox 1376 2372 1506 2409; x_wconf 88' lang='lat' dir='ltr'>etiam</span> <span class='ocrx_word' id='word_1_321' title='bbox 1538 2381 1696 2408; x_wconf 85' lang='lat' dir='ltr'>vocem</span> <span class='ocrx_word' id='word_1_322' title='bbox 1726 2380 1809 2419; x_wconf 83' lang='lat' dir='ltr'>q.e.</span> <span class='ocrx_word' id='word_1_323' title='bbox 1842 2364 2008 2420; x_wconf 80' lang='grc' dir='ltr'>δαίμων</span> 
     </span>
    </p>
   </div>
   <div class='ocr_carea' id='block_1_3' title="bbox 310 2459 2013 2882">
    <p class='ocr_par' dir='ltr' id='par_1_23' title="bbox 362 2459 1588 2511">
     <span class='ocr_line' id='line_1_39' title="bbox 362 2459 1588 2511; baseline -0.002 -13"><span class='ocrx_word' id='word_1_324' title='bbox 362 2462 389 2509; x_wconf 85' lang='lat'>¹)</span> <span class='ocrx_word' id='word_1_325' title='bbox 416 2460 544 2509; x_wconf 88' lang='lat' dir='ltr'>Supra</span> <span class='ocrx_word' id='word_1_326' title='bbox 573 2476 638 2511; x_wconf 87' lang='lat' dir='ltr'>pp.</span> <span class='ocrx_word' id='word_1_327' title='bbox 670 2462 746 2504; x_wconf 85' lang='grc'>68;</span> <span class='ocrx_word' id='word_1_328' title='bbox 783 2462 854 2500; x_wconf 91' lang='grc'>106</span> <span class='ocrx_word' id='word_1_329' title='bbox 884 2475 941 2510; x_wconf 84' lang='lat' dir='ltr'>sq.</span> <span class='ocrx_word' id='word_1_330' title='bbox 1001 2462 1028 2511; x_wconf 73' lang='lat'>²)</span> <span class='ocrx_word' id='word_1_331' title='bbox 1059 2460 1189 2510; x_wconf 86' lang='lat' dir='ltr'>Supra</span> <span class='ocrx_word' id='word_1_332' title='bbox 1218 2474 1284 2510; x_wconf 89' lang='lat' dir='ltr'>pp.</span> <span class='ocrx_word' id='word_1_333' title='bbox 1317 2460 1393 2502; x_wconf 86' lang='grc'>61;</span> <span class='ocrx_word' id='word_1_334' title='bbox 1429 2459 1500 2496; x_wconf 92' lang='grc'>109</span> <span class='ocrx_word' id='word_1_335' title='bbox 1531 2471 1588 2507; x_wconf 87' lang='lat' dir='ltr'>sq.</span> 
     </span>
    </p>

    <p class='ocr_par' dir='ltr' id='par_1_24' title="bbox 362 2513 1241 2563">
     <span class='ocr_line' id='line_1_40' title="bbox 362 2513 1241 2563; baseline 0.001 -11"><span class='ocrx_word' id='word_1_336' title='bbox 362 2513 391 2562; x_wconf 84' lang='lat'>³)</span> <span class='ocrx_word' id='word_1_337' title='bbox 423 2513 551 2562; x_wconf 88' lang='lat' dir='ltr'>Supra</span> <span class='ocrx_word' id='word_1_338' title='bbox 574 2529 611 2563; x_wconf 88' lang='lat' dir='ltr'>p.</span> <span class='ocrx_word' id='word_1_339' title='bbox 647 2516 718 2553; x_wconf 91' lang='grc'>107</span> <span class='ocrx_word' id='word_1_340' title='bbox 750 2529 806 2563; x_wconf 84' lang='lat' dir='ltr'>sq.</span> <span class='ocrx_word' id='word_1_341' title='bbox 1236 2538 1241 2545; x_wconf 89' lang='lat'><strong>·</strong></span> 
     </span>
    </p>

    <p class='ocr_par' dir='ltr' id='par_1_25' title="bbox 363 2566 1123 2616">
     <span class='ocr_line' id='line_1_41' title="bbox 363 2566 1123 2616; baseline 0.001 -14"><span class='ocrx_word' id='word_1_342' title='bbox 363 2567 391 2616; x_wconf 78' lang='grc'>4)</span> <span class='ocrx_word' id='word_1_343' title='bbox 425 2569 450 2602; x_wconf 81' lang='grc' dir='ltr'>Γ</span> <span class='ocrx_word' id='word_1_344' title='bbox 483 2568 558 2605; x_wconf 91' lang='grc'><strong>230</strong></span> <span class='ocrx_word' id='word_1_345' title='bbox 587 2573 625 2605; x_wconf 91' lang='lat' dir='ltr'>in</span> <span class='ocrx_word' id='word_1_346' title='bbox 652 2573 759 2606; x_wconf 89' lang='lat' dir='ltr'>exitu</span> <span class='ocrx_word' id='word_1_347' title='bbox 788 2581 926 2606; x_wconf 77' lang='lat' dir='ltr'>versus</span> <span class='ocrx_word' id='word_1_348' title='bbox 954 2566 1045 2611; x_wconf 67' lang='grc' dir='ltr'><em>Ξῖεὸς</em></span> <span class='ocrx_word' id='word_1_349' title='bbox 1075 2569 1123 2610; x_wconf 67' lang='grc' dir='ltr'>ὥς</span> 
     </span>
    </p>

    <p class='ocr_par' dir='ltr' id='par_1_26' title="bbox 418 2618 1583 2669">
     <span class='ocr_line' id='line_1_42' title="bbox 418 2618 1583 2669; baseline 0 -14"><span class='ocrx_word' id='word_1_350' title='bbox 418 2622 449 2655; x_wconf 77' lang='lat' dir='ltr'>T</span> <span class='ocrx_word' id='word_1_351' title='bbox 484 2621 555 2658; x_wconf 90' lang='lat'>100</span> <span class='ocrx_word' id='word_1_352' title='bbox 596 2652 615 2663; x_wconf 79' lang='lat'><strong>„</strong></span> <span class='ocrx_word' id='word_1_353' title='bbox 703 2652 722 2664; x_wconf 82' lang='lat'><em>„</em></span> <span class='ocrx_word' id='word_1_354' title='bbox 850 2651 869 2663; x_wconf 90' lang='lat'>„</span> <span class='ocrx_word' id='word_1_355' title='bbox 954 2619 1042 2661; x_wconf 53' lang='grc' dir='ltr'><em>,θεὸς</em></span> <span class='ocrx_word' id='word_1_356' title='bbox 1073 2634 1154 2669; x_wconf 71' lang='grc' dir='ltr'><strong>περ.</strong></span> <span class='ocrx_word' id='word_1_357' title='bbox 1186 2618 1250 2658; x_wconf 84' lang='lat' dir='ltr'>Cf.</span> <span class='ocrx_word' id='word_1_358' title='bbox 1282 2633 1402 2668; x_wconf 86' lang='lat' dir='ltr'>supra</span> <span class='ocrx_word' id='word_1_359' title='bbox 1426 2632 1464 2666; x_wconf 89' lang='lat' dir='ltr'>p.</span> <span class='ocrx_word' id='word_1_360' title='bbox 1500 2618 1583 2655; x_wconf 87' lang='lat'><strong>197.</strong></span> 
     </span>
    </p>

    <p class='ocr_par' dir='ltr' id='par_1_27' title="bbox 310 2667 2012 2775">
     <span class='ocr_line' id='line_1_43' title="bbox 364 2667 2012 2722; baseline -0.004 -11"><span class='ocrx_word' id='word_1_361' title='bbox 364 2672 572 2711; x_wconf 85' lang='lat' dir='ltr'>Praeterea</span> <span class='ocrx_word' id='word_1_362' title='bbox 616 2672 704 2715; x_wconf 52' lang='lat'>§.053</span> <span class='ocrx_word' id='word_1_363' title='bbox 746 2688 794 2721; x_wconf 67' lang='lat' dir='ltr'>ys</span> <span class='ocrx_word' id='word_1_364' title='bbox 840 2674 981 2722; x_wconf 70' lang='lat' dir='ltr'>legitur</span> <span class='ocrx_word' id='word_1_365' title='bbox 1019 2676 1046 2708; x_wconf 79' lang='lat'>7.</span> <span class='ocrx_word' id='word_1_366' title='bbox 1078 2674 1153 2711; x_wconf 91' lang='grc'>228</span> <span class='ocrx_word' id='word_1_367' title='bbox 1184 2674 1237 2720; x_wconf 92' lang='lat' dir='ltr'>(in</span> <span class='ocrx_word' id='word_1_368' title='bbox 1265 2672 1318 2711; x_wconf 90' lang='lat' dir='ltr'>th.</span> <span class='ocrx_word' id='word_1_369' title='bbox 1347 2686 1385 2721; x_wconf 89' lang='lat' dir='ltr'>p.</span> <span class='ocrx_word' id='word_1_370' title='bbox 1417 2673 1439 2709; x_wconf 94' lang='grc'><strong>2</strong></span> <span class='ocrx_word' id='word_1_371' title='bbox 1467 2678 1505 2709; x_wconf 90' lang='lat' dir='ltr'>et</span> <span class='ocrx_word' id='word_1_372' title='bbox 1532 2684 1566 2709; x_wconf 87' lang='lat' dir='ltr'>a.</span> <span class='ocrx_word' id='word_1_373' title='bbox 1587 2673 1627 2714; x_wconf 47' lang='grc'>4(-</span> <span class='ocrx_word' id='word_1_374' title='bbox 1647 2669 1700 2708; x_wconf 87' lang='lat' dir='ltr'>th.</span> <span class='ocrx_word' id='word_1_375' title='bbox 1731 2683 1768 2718; x_wconf 93' lang='lat' dir='ltr'>p.</span> <span class='ocrx_word' id='word_1_376' title='bbox 1798 2669 1848 2717; x_wconf 86' lang='lat'>3),</span> <span class='ocrx_word' id='word_1_377' title='bbox 1880 2669 1909 2704; x_wconf 76' lang='lat'>1&lt;</span> <span class='ocrx_word' id='word_1_378' title='bbox 1936 2667 2012 2705; x_wconf 84' lang='lat'>556</span> 
     </span>
     <span class='ocr_line' id='line_1_44' title="bbox 310 2726 1212 2775; baseline 0 -12"><span class='ocrx_word' id='word_1_379' title='bbox 310 2733 348 2763; x_wconf 90' lang='lat' dir='ltr'>et</span> <span class='ocrx_word' id='word_1_380' title='bbox 375 2740 402 2773; x_wconf 75' lang='grc' dir='ltr'><em>γ</em></span> <span class='ocrx_word' id='word_1_381' title='bbox 434 2727 505 2764; x_wconf 87' lang='grc'><strong>231</strong></span> <span class='ocrx_word' id='word_1_382' title='bbox 540 2728 592 2774; x_wconf 87' lang='lat' dir='ltr'>(in</span> <span class='ocrx_word' id='word_1_383' title='bbox 621 2727 674 2764; x_wconf 89' lang='lat' dir='ltr'>th.</span> <span class='ocrx_word' id='word_1_384' title='bbox 706 2741 742 2775; x_wconf 90' lang='lat' dir='ltr'>p.</span> <span class='ocrx_word' id='word_1_385' title='bbox 779 2729 792 2764; x_wconf 95' lang='lat'><strong>1</strong></span> <span class='ocrx_word' id='word_1_386' title='bbox 826 2734 864 2764; x_wconf 91' lang='lat' dir='ltr'>et</span> <span class='ocrx_word' id='word_1_387' title='bbox 895 2741 929 2765; x_wconf 91' lang='lat' dir='ltr'>a.</span> <span class='ocrx_word' id='word_1_388' title='bbox 952 2730 992 2769; x_wconf 55' lang='grc' dir='ltr'>»ἱ-</span> <span class='ocrx_word' id='word_1_389' title='bbox 1017 2726 1070 2764; x_wconf 90' lang='lat' dir='ltr'>th.</span> <span class='ocrx_word' id='word_1_390' title='bbox 1101 2741 1138 2773; x_wconf 87' lang='lat' dir='ltr'>p.</span> <span class='ocrx_word' id='word_1_391' title='bbox 1165 2727 1212 2774; x_wconf 92' lang='grc'><strong>2).</strong></span> 
     </span>
    </p>

    <p class='ocr_par' dir='ltr' id='par_1_28' title="bbox 311 2773 2013 2882">
     <span class='ocr_line' id='line_1_45' title="bbox 364 2773 2013 2828; baseline -0.004 -11"><span class='ocrx_word' id='word_1_392' title='bbox 364 2778 560 2818; x_wconf 85' lang='lat' dir='ltr'>Enclitica</span> <span class='ocrx_word' id='word_1_393' title='bbox 602 2785 649 2826; x_wconf 56' lang='lat'>75</span> <span class='ocrx_word' id='word_1_394' title='bbox 694 2785 902 2828; x_wconf 72' lang='lat' dir='ltr'>octoginta</span> <span class='ocrx_word' id='word_1_395' title='bbox 945 2779 1045 2817; x_wconf 90' lang='lat' dir='ltr'>locis</span> <span class='ocrx_word' id='word_1_396' title='bbox 1088 2779 1143 2828; x_wconf 92' lang='lat' dir='ltr'>[Il.</span> <span class='ocrx_word' id='word_1_397' title='bbox 1175 2780 1237 2820; x_wconf 83' lang='lat'><strong>41.</strong></span> <span class='ocrx_word' id='word_1_398' title='bbox 1268 2777 1348 2816; x_wconf 87' lang='lat' dir='ltr'>Od.</span> <span class='ocrx_word' id='word_1_399' title='bbox 1375 2777 1442 2827; x_wconf 91' lang='grc'><strong>39]</strong></span> <span class='ocrx_word' id='word_1_400' title='bbox 1474 2790 1613 2815; x_wconf 86' lang='lat' dir='ltr'>versus</span> <span class='ocrx_word' id='word_1_401' title='bbox 1641 2780 1869 2815; x_wconf 88' lang='lat' dir='ltr'>terminatur</span> <span class='ocrx_word' id='word_1_402' title='bbox 1900 2773 2013 2824; x_wconf 88' lang='lat' dir='ltr'>[qua-</span> 
     </span>
     <span class='ocr_line' id='line_1_46' title="bbox 311 2832 1022 2882; baseline -0.004 -11"><span class='ocrx_word' id='word_1_403' title='bbox 311 2832 487 2882; x_wconf 73' lang='lat' dir='ltr'>—draqies</span> <span class='ocrx_word' id='word_1_404' title='bbox 515 2837 661 2880; x_wconf 90' lang='lat' dir='ltr'>septies</span> <span class='ocrx_word' id='word_1_405' title='bbox 690 2832 830 2881; x_wconf 68' lang='lat' dir='ltr'>legitur</span> <span class='ocrx_word' id='word_1_406' title='bbox 859 2835 894 2880; x_wconf 59' lang='grc' dir='ltr'>ἑ)</span> <span class='ocrx_word' id='word_1_407' title='bbox 912 2846 958 2880; x_wconf 59' lang='grc' dir='ltr'>ω)</span> <span class='ocrx_word' id='word_1_408' title='bbox 977 2832 1022 2881; x_wconf 81' lang='grc' dir='ltr'><strong>ε].</strong></span> 
     </span>
    </p>
   </div>
  </div>
 </body>
</html>
