2159 3288
14 0 101 195 1

19 506 59 568 p
90 504 178 542 468.

1043 82 1116 122 111

295 208 341 252 O
390 210 475 252 442
523 225 618 263 sqq.
651 215 794 263 agitur
826 208 880 251 de
913 216 1161 255 certamine,
1196 209 1317 263 quod
1351 209 1536 253 Hectori
1569 219 1634 253 est
1665 226 1761 253 cum
1793 210 1932 254 Aiace

235 279 279 313 et
309 267 499 311 Teucro.
535 267 621 310 Hic
652 283 756 310 arcu
788 274 897 322 petit
931 267 1172 310 Hectorem
1209 268 1341 323 [4581.
1376 268 1487 312 Zeus
1518 279 1662 312 autem
1691 269 1931 312 Hectorem

235 337 381 371 tuetur
412 327 509 374 [461
548 333 661 380 sqq.]
694 336 738 369 et
769 337 954 368 nerv‘um
987 343 1111 369 arcus
1143 328 1319 382 frangit,
1352 335 1413 370 ita
1436 337 1482 370 ut
1499 328 1742 382 depellatur
1759 336 1931 383 sagitta,

237 402 326 442 quo
357 393 588 439 inopinato
620 401 724 428 casu
755 385 937 428 afflictus
966 385 1139 428 Teucer
1171 386 1228 432 [O
1261 388 1347 429 467
1380 393 1482 440 sq.]:

413 448 447 488 ὣ
481 448 628 491 πόποι,
660 451 812 517 inquit
845 447 870 500 ἦ
906 447 955 500 δὴ
991 448 1140 501 πάπχυ
1171 449 1310 502 μάχης
1343 447 1412 489 ἐπὶ
1442 448 1582 502 μήδεα
1613 448 1744 502 κείρει
1763 445 1791 499 1)

412 506 575 560 δαίμων
606 504 829 560 ἡμετερης
847 503 875 556 ²)
909 507 930 547 ὅ
968 506 1015 546 τέ
1045 523 1117 558 μοι
1151 508 1238 561 βιὸν
1274 509 1434 562 ἔκβαλε
1468 508 1624 562 χειρός,

406 566 554 619 νευρὴν
588 564 623 605 δ’
661 563 858 618 ἐξέρρηξε
888 566 1166 619 νεόστροφον
1200 579 1263 616 sq.

294 628 362 665 cui
393 621 501 664 Aias
533 627 593 663 sic
625 622 863 674 respondet
895 622 996 667 [472
1027 638 1089 675 sq.
1098 628 1136 674 ];

410 683 444 724 ὦ
478 682 629 727 πέπον,
664 681 779 723 ἀλὶχ
813 684 902 737 βιὸν
935 683 983 736 μὲ
987 700 1007 723 ν
1039 684 1093 724 ’έα
1126 683 1201 724 καὶ
1234 699 1424 737 ταρφεας
1461 682 1548 731 ἰους

243 785 246 789 .
404 743 598 791 κεῖσθαι,
636 741 726 781 ἐπεὶ
760 757 958 796 συνεχευε
990 743 1091 789 θεὸς
1131 743 1348 783 Δαναοῖσι.
1379 757 1430 794 με
1437 757 1589 795 γτρας·

294 796 477 852 Optime
509 813 605 840 cum
639 799 723 840 hoc
755 799 855 840 loco
888 808 1136 851 congruunt
1167 813 1231 843 ea,
1266 814 1378 851 quae
1410 798 1611 851 leguntur
1640 801 1686 841 Π
1711 800 1791 841 119
1813 815 1932 853 sqq.:

295 856 536 899 Hectorem
570 872 731 911 magno
765 872 868 899 ense
900 856 1050 899 Aiacis
1081 858 1250 898 hastam
1283 864 1561 910 percussisse,
1590 856 1770 899 Aiacem
1789 867 1934 901 autem

235 915 395 959 frustra
428 922 471 957 in
504 915 747 958 Hectorem
781 922 943 957 misisse
978 916 1169 957 mutilam
1203 915 1385 960 hastam.
1420 923 1552 969 po‘eta
1585 925 1759 957 narrat:

413 979 500 1031 γνῶ
532 976 567 1018 δ’
606 977 719 1025 Αἴας
752 977 869 1017 κατὰ.
906 977 1036 1029 θυμὸν
1070 976 1266 1030 ἀμύμονα
1300 976 1470 1029 ῥίγησέν
1504 994 1548 1017 τε

409 1036 516 1088 ἔργα
548 1037 678 1085 θεῶν,
712 1035 732 1075 ὅ
769 1035 819 1087 ῥα
854 1036 997 1088 πάγχυ
1029 1036 1166 1089 μάχης
1203 1035 1270 1075 ἐπὶ
1301 1036 1436 1088 μήδεγ.
1470 1039 1587 1088 κεῖρε

412 1094 515 1142 Ζεὺς
550 1093 852 1148 ὑψιβρεμέτης,
884 1095 1085 1146 Τρώεσσι
1119 1094 1163 1134 δὲ
1198 1094 1379 1147 βούλετο
1409 1091 1588 1148 νίκηψῧ)

293 1149 531 1192 Vocabula
557 1152 716 1205 δαίμων
751 1150 807 1196 [O
840 1151 942 1201 468]
976 1160 1018 1192 et
1050 1153 1154 1200 θεὸς
1185 1150 1259 1196 111).
1291 1151 1393 1201 473]
1427 1160 1470 1192 et
1503 1150 1684 1200 Ζεύςῌῖ
1710 1149 1936 1202 121]idem

235 1208 383 1252 valere
416 1209 632 1255 videntur,
666 1215 916 1251 universum
950 1224 1007 1251 sc.
1042 1225 1202 1251 numen
1235 1209 1444 1254 divinum,
1479 1209 1563 1251 hoc
1596 1218 1763 1251 tantum
1790 1208 1937 1250 discri-

236 1274 384 1314 -mine.
417 1278 464 1310 ut
497 1270 657 1323 δαίμων
691 1277 733 1310 et
766 1271 864 1318 θεὸς
899 1278 1133 1310 occurrant
1165 1275 1207 1310 in
1241 1275 1443 1310 oratione
1476 1278 1608 1314 recta,
1644 1267 1794 1310 Iovem
1827 1283 1937 1309 vero

235 1337 459 1370 auctorem
492 1327 609 1369 dicat
640 1334 787 1380 poeta.
807 1327 834 1379 ⁴)

1028 1426 1049 1450 >ie
1138 1424 1159 1448 >ie

1083 1457 1104 1480 ης

295 1519 424 1563 Unus
455 1520 644 1573 denique
677 1520 798 1562 locus
831 1536 882 1562 ex
915 1519 1047 1562 Iliade
1080 1529 1226 1565 restat,
1261 1526 1379 1562 cuius
1412 1526 1668 1562 sententiam
1705 1519 1824 1561 multi
1856 1525 1966 1561 viri=

234 1579 354 1622 docti
386 1594 475 1622 non
508 1586 587 1621 nisi
620 1585 875 1628 coniectura
907 1594 951 1620 se
984 1586 1156 1632 assequi
1193 1594 1322 1631 posse
1355 1578 1571 1632 putant.)

291 1742 318 1790 1)
341 1740 476 1780 Schol.
509 1740 541 1779 Β
558 1741 610 1779 ad
626 1740 666 1779 O
685 1741 760 1779 467
781 1744 838 1777 ἐτι
855 1741 978 1789 μήδεαι
995 1740 1116 1791 κείρει]
1133 1755 1173 1777 το
1197 1740 1285 1789 ἑξῆς
1299 1744 1471 1790 έτικειρει
1491 1742 1562 1777 οἷον
1586 1742 1650 1777 οὐκ
1673 1744 1715 1785 εὀῖ
1732 1738 1937 1786 αὒξεσὲῑκι.

292 1793 503 1837 „Consilia
531 1794 750 1843 praecidit''
782 1800 899 1832 vertit
930 1793 965 1832 E
980 1794 1005 1832 b
1021 1807 1041 1832 e
1059 1793 1070 1832 l
1088 1799 1098 1831 i
1116 1808 1141 1831 n
1159 1808 1195 1843 9.
1226 1800 1292 1831 i.v.

290 1846 426 1890 Quam
467 1847 522 1885 ob
563 1861 724 1886 causam
769 1846 963 1888 Cuntz,
1008 1847 1073 1885 o.l.
1105 1861 1142 1896 p.
1174 1848 1209 1888 7,
1240 1850 1398 1896 ὂκιμονκ
1428 1846 1501 1884 h.l.
1535 1851 1747 1889 „iniustum
1777 1858 1937 1895 pugnae

237 1900 556 1939 moderatorem''
588 1913 675 1938 esse
699 1908 822 1949 putet.
854 1913 936 1938 non
965 1901 1098 1938 video.

292 1952 356 1992 Cf.
387 1952 1162 2003 Naqelsbach-Autenrieth.
1193 1952 1257 1991 o.l.
1289 1967 1327 2001 p.
1359 1953 1434 1994 70:
1461 1951 1510 1990 cf.
1543 1952 1574 1990 P
1603 1952 1801 1990 631—33.

290 2007 318 2055 2)
348 2006 390 2044 In
414 2007 574 2044 duobus
602 2007 810 2045 codicibus
838 2015 898 2044 est
930 2008 1119 2056 ᾗμετερος.
1155 2005 1185 2044 L
1203 2021 1228 2044 u
1245 2006 1324 2044 dw
1341 2005 1427 2044 ich
1475 2006 1550 2044 hos
1581 2005 1684 2044 duos
1717 2005 1879 2043 codices
1904 2010 1943 2042 in

237 2072 374 2098 eorum
414 2073 618 2098 numerum
661 2058 789 2102 refert,
832 2073 934 2108 quos
977 2060 1028 2097 ab
1069 2065 1293 2108 integritate
1336 2059 1566 2108 longissime
1595 2066 1708 2107 putet
1733 2058 1941 2096 recedere:

266 2111 361 2152 taef.
422 2143 429 2151 .
459 2111 544 2151 XII.

237 2127 265 2163 p
293 2167 322 2215 ³)
349 2127 418 2204 (ΣΞ
443 2168 477 2201 Θ
508 2166 530 2203 7
557 2179 613 2214 sq.
664 2165 704 2203 A
722 2179 811 2204 esc
829 2165 865 2203 h.
896 2165 1001 2207 Pers,
1032 2166 1132 2203 921:
1164 2167 1223 2206 οὓς
1253 2170 1317 2202 >52
1345 2167 1490 2214 δαὶμων
1519 2167 1702 2214 ἀπέκειρε.

293 2219 322 2267 4)
351 2217 592 2261 Finsler.
624 2231 663 2256 0.
683 2218 706 2256 l.
738 2218 780 2260 1²,
811 2233 847 2267 p.
869 2219 957 2260 269,
987 2227 1119 2267 spreta
1149 2223 1444 2260 convenientia.
1474 2231 1577 2266 quae
1605 2225 1664 2256 est
1692 2223 1793 2256 inter
1820 2216 1944 2255 verba

239 2271 396 2319 δκὶμων,
424 2274 528 2313 θεὸς,
557 2270 653 2312 Ξτεοὶ,
684 2274 787 2313 Ζεύς,
818 2277 857 2310 in
887 2277 1070 2310 oratione
1096 2279 1203 2310 recta
1231 2279 1431 2320 usurpata.
1457 2283 1644 2319 perverse
1666 2275 1945 2319 interpretatur

240 2323 385 2366 0467,
403 2338 492 2362 cum
507 2324 622 2362 dicit:
659 2324 761 2368 ,.Ein
790 2324 963 2363 Schiitze
992 2338 1152 2363 unserer
1179 2324 1294 2374 Tage
1321 2324 1459 2362 wiirde
1486 2337 1582 2362 vom
1610 2322 1756 2362 Teuffel
1784 2322 1944 2361 reden.''

240 2375 304 2416 Cf.
336 2390 456 2426 supra
484 2391 521 2425 p.
551 2378 613 2416 64.

294 2430 323 2478 5)
353 2429 432 2468 Iam
474 2435 550 2478 ipsi
593 2436 756 2480 antiqui,
797 2431 894 2480 quid
935 2430 1060 2468 verba
1102 2432 1261 2478 δαίμονα
1291 2432 1400 2467 δώσω
1428 2429 1620 2471 valerent,
1644 2429 1944 2467 dissentiebant.

241 2484 275 2519 Θ
321 2483 527 2522 164-166
569 2483 862 2522 damnaverunt
904 2483 1340 2532 Aristophanes
1384 2490 1423 2521 et
1462 2482 1850 2525 Aristarchus,
1895 2481 1943 2520 cf.

241 2535 532 2578 Ludwich,
562 2536 665 2574 adl.

295 2587 433 2628 Schol.
461 2594 685 2639 intermarq.
717 2589 756 2627 A
785 2589 837 2627 ad
867 2592 900 2625 Θ
944 2589 1042 2628 164:
1085 2587 1315 2627 ὰΞῑετοῡνται
1361 2593 1492 2638 στίχοι
1532 2594 1642 2639 τρεῖς,
1684 2591 1740 2626 ὅτι
1784 2591 1947 2628 εὐτελεῖς

241 2643 310 2679 εἱσι
337 2647 387 2691 τῇ
417 2646 653 2707 κατασκευῇ,
685 2645 745 2678 καὶ
774 2646 815 2679 τὸ
846 2646 986 2687 ,πάρος
1018 2656 1072 2679 τοι
1102 2643 1263 2691 δαίμονα
1290 2642 1427 2679 δώσω”
1455 2645 1607 2683 τελείως
1635 2645 1739 2679 ἐστιν
1772 2644 1812 2679 οὐ
1848 2645 1945 2678 κατὰ

249 2698 313 2732 τὸν
343 2707 515 2744 mcvi-w
545 2698 766 2745 ἀνάρμοστα
792 2695 833 2732 δὲ
864 2699 925 2732 καὶ
954 2700 1002 2732 τοὶ
1031 2698 1225 2745 λεγόμενοι
1256 2701 1329 2736 τοῖς
1358 2695 1580 2745 προσώποις.

295 2747 431 2787 Schol.
461 2754 685 2798 intermatq.
716 2747 756 2786 A
785 2748 836 2786 ad
865 2750 899 2783 Θ
935 2749 1034 2787 166;
1079 2752 1117 2785 ἐν
1146 2752 1195 2798 τῇ
1229 2750 1440 2794 Ζηνοδότου
1471 2750 1619 2798 πότμον
1648 2749 1773 2798 ἐφήσω
1804 2746 1946 2798 [,,Ρι·0-

243 2800 460 2840 -babilius''
492 2801 642 2840 adiecit
649 2763 710 2839 qN
730 2815 754 2839 a
769 2815 795 2839 u
811 2815 833 2840 c
847 2801 903 2852 k].
