2159 3288
981 100 1060 141 201

238 228 365 272 Haec
408 237 642 282 postquam
687 235 975 282 exposuimus,
1022 228 1250 272 redeamus
1283 228 1340 270 ad
1372 228 1414 270 id
1447 227 1567 282 quod
1599 234 1873 282 propositum

178 297 255 335 est,
288 303 447 341 nempe
479 296 526 329 ut
557 293 842 341 inquiramus„
871 297 1085 341 quatenus
1118 304 1218 330 usus
1250 294 1373 330 vocis
1406 302 1489 341 q.e.
1512 290 1874 343 Baiumvemetto

177 346 369 401 pendeat
400 352 449 388 iis
481 346 599 392 locis.
633 346 789 400 quibus
822 362 917 389 cum
949 362 1062 389 voce
1094 362 1178 400 q.e.
1217 349 1316 397 θεός
1349 352 1594 400 promiscue
1627 356 1873 400 usurpatur.

176 405 220 448 Α
251 405 423 448 casibus
455 405 644 458 obliquis
678 411 844 448 initium
880 405 1099 448 faciamus,

239 465 272 506 Z
310 465 389 506 115
422 470 465 506 in
498 471 700 507 oratione
733 473 853 507 recta
885 464 1068 518 legitur:

267 535 269 537 ’
349 526 544 579 δαίμοσιν
580 525 846 579 ἀρήσασθαι,
880 526 1154 579 ὑποσχέσθαι
1189 525 1223 567 δ’
1246 525 1504 581 ἑκατόμβας.
1532 522 1560 575 l)

236 581 363 625 Haec
406 582 509 624 dicit
556 581 739 627 Hector.
803 583 860 624 ab
910 581 1085 625 Heleno
1133 582 1338 636 impulsus
1386 592 1433 623 ut
1477 591 1657 624 matrem
1704 581 1876 624 iuberet

179 639 383 683 Athenae
415 640 622 694 templum
655 641 775 683 adire
807 640 866 694 (Z
898 641 1131 694 86—1011.

233 698 276 742 Z
307 701 393 742 380
425 700 604 754 legitur:
636 703 790 756 Τρῳαὶ
823 702 1091 756 ἐυπλόκαμοι
1126 702 1260 754 δεινὴν
1298 700 1396 743 θεὸν
1431 701 1715 753 ἱλάσκονται;

236 757 375 812 Ipsius
406 766 567 813 poetae
584 769 683 801 sunt
701 760 811 802 haec
831 758 904 813 [ib.
922 760 1045 811 240]:
1066 763 1086 803 ὁ
1106 760 1142 803 δ’
1163 762 1312 802 ἔπειτα
1332 764 1449 809 θεοῖς
1468 761 1683 814 εὔχεσθαι
1699 761 1870 814 ἀνώγει.

236 816 473 860 Hectorad
490 827 671 860 matrem
690 818 764 864 [ib.
787 819 901 869 269]:
921 820 1034 861 ἀλλὰ
1047 821 1097 861 σὺ
1115 820 1202 874 μὲν,
1225 824 1375 870 inquit.
1396 820 1498 873 πρὸς
1517 820 1611 874 νηὸν
1632 819 1874 875 Ἀθηναίης

176 878 373 933 ἀγελείης
390 898 391 929 j
406 881 532 933 ἔρχεο
563 879 637 920 σὺν
670 879 885 926 θυέεσσιν,

230 933 480 982 Quominus
515 937 548 978 Z
587 936 665 977 115
698 935 840 978 forma
878 940 1040 978 θεοῖσιν
1076 942 1261 989 primum
1295 934 1448 988 pedem
1469 944 1667 988 occupet.
1692 944 1875 977 metrum

176 1004 422 1048 repugnat3
459 997 481 1047 ξ
515 995 622 1036 251:
656 997 823 1038 θεοῖσίν
858 1012 904 1037 τε
938 995 1070 1049 ῥέζειν
1108 996 1276 1037 αὐτοῖσί
1306 1013 1351 1036 τε
1373 996 1505 1038 δαῖτα
1526 996 1753 1047 πένεσθαι,
1787 1010 1876 1047 quo

178 1084 268 1111 uno
304 1068 404 1111 loco
436 1072 602 1113 θεοῖσιν
630 1078 733 1110 ante
766 1083 1008 1110 consonam
1038 1075 1080 1109 in
1113 1074 1254 1121 primo
1289 1068 1401 1121 pede
1420 1068 1589 1122 leqitur,
1612 1075 1877 1112 recentiores

175 1133 268 1169 iure
300 1142 454 1169 sanare
486 1133 634 1170 conati
665 1136 777 1171 sunt.
809 1142 906 1169 cum
939 1133 1147 1180 synizesis
1173 1127 1348 1169 insolita
1381 1126 1636 1170 offenderet.
1653 1128 1682 1180 2)

236 1183 454 1232 Quamvis
485 1186 723 1229 insolenter
755 1201 959 1228 numerus
992 1185 1168 1239 pluralis
1201 1192 1323 1228 vocis
1354 1202 1438 1239 q.e.
1472 1188 1636 1242 δαίμων
1674 1196 1878 1228 occurrat

177 1251 220 1287 in
262 1245 524 1288 carminibus
570 1251 717 1299 epicis.
759 1255 823 1288 est
856 1260 930 1287 cur
962 1251 1163 1287 conicere
1197 1245 1336 1290 liceat.
1370 1252 1549 1298 poetam
1582 1252 1704 1287 metri
1737 1246 1876 1300 legem

177 1303 490 1347 observantem
525 1306 560 1348 Z
599 1305 677 1346 115
710 1304 895 1346 formam
929 1306 1121 1360 δαίμοσιν
1139 1303 1457 1357 adhibuisse:³)
1476 1304 1715 1347 dummodo
1730 1313 1878 1347 teneas

177 1369 356 1417 po'e'tam
388 1363 575 1406 fortasse
606 1363 692 1405 alio
726 1363 858 1406 modo
892 1363 1004 1405 hanc
1036 1362 1332 1405 difficultatem
1365 1363 1539 1405 solvere
1572 1370 1779 1417 potuisse.

238 1484 284 1524 Ψ
318 1481 402 1524 595
434 1487 477 1523 in
510 1487 711 1523 oratione
746 1490 863 1523 recta
896 1480 1075 1534 legitur:

357 1542 407 1583 ἐκ
441 1545 582 1596 θυμοῦ
617 1542 781 1584 πεσέειν
818 1542 892 1583 καὶ
925 1542 1122 1595 δαίμοσιν
1158 1543 1268 1583 εἶναι
1298 1541 1483 1594 ἀλιτρός.
1503 1537 1532 1592 ⁴¹)

236 1597 349 1641 Cum
381 1598 446 1641 his
478 1598 668 1642 conferri
693 1608 877 1653 possunt
909 1599 1044 1641 haec:

175 1659 198 1700 ὃ
236 1658 346 1700 378:
381 1660 627 1709 ἀθανάτους
662 1660 903 1707 ἀλιτέσθαι,
940 1660 982 1701 οἳ
1017 1659 1194 1713 οὐρανὸν
1229 1660 1348 1713 εὐρὺν
1379 1660 1548 1714 ἔχουσιν

177 1720 199 1760 δ
239 1717 345 1759 807:
380 1719 454 1767 σὸς
486 1724 589 1768 παῖς
611 1719 688 1760 ὀὐ
717 1719 791 1773 μὲν
829 1720 908 1773 γάρ
944 1736 982 1760 τι
1022 1721 1140 1767 θεοῖς
1174 1718 1428 1772 ἀλιτημένος
1463 1718 1565 1760 ἐστι.

176 1867 280 1906 libro
309 1872 382 1905 viri
421 1867 532 1906 docti
561 1867 875 1906 Bernhardt
914 1881 1032 1916 supra
1074 1866 1240 1906 laudato
1284 1867 1337 1917 [p.
1373 1867 1516 1917 199‚4],
1548 1867 1801 1906 alliterationi
1827 1867 1880 1905 illi

178 1933 261 1959 non
315 1920 477 1959 multum
530 1921 782 1959 tribuendum
821 1934 914 1959 ‘esse
954 1928 1078 1968 putat.
1122 1920 1370 1970 Argumenta
1408 1920 1460 1958 ad
1502 1921 1605 1959 hanc
1644 1925 1881 1959 sententiam

177 1972 488 2012 confirmandam
534 1987 617 2012 non
659 1972 772 2012 affert
815 1973 1044 2012 Miilder.
1090 1972 1154 2011 De
1196 1974 1256 2011 his
1298 1973 1411 2022 plura
1458 1974 1591 2012 dicere
1630 1974 1680 2012 ad
1720 1974 1882 2011 huiusce

178 2032 311 2076 operis
340 2032 515 2066 rationes
542 2040 626 2065 non
654 2027 833 2076 quadrat.

234 2080 262 2128 1)
293 2078 422 2129 Supra
450 2094 488 2129 p.
520 2081 569 2118 89
600 2093 656 2129 sq.

231 2131 259 2181 2)
289 2132 723 2174 Ameis-Hentze.
769 2132 874 2171 Anh.
907 2132 986 2171 Od.
1018 2133 1071 2174 3³,
1099 2141 1136 2181 p.
1165 2132 1240 2170 50:
1274 2131 1403 2174 ..Statt
1432 2131 1576 2170 ζτεοῑσὶν
1608 2146 1649 2168 τε
1679 2131 1882 2179 empfiehlt

178 2184 365 2228 Menrad,
393 2186 444 2224 de
472 2193 664 2224 contract.
691 2193 728 2224 et
757 2191 882 2234 syniz.
914 2200 950 2235 p.
983 2186 1032 2223 26
1065 2187 1218 2232 ὃαὶμπί
1248 2199 1301 2228 τε,
1329 2191 1404 2223 wie
1429 2185 1589 2227 Nauck,
1619 2184 1718 2223 Mel.
1745 2184 1814 2224 Gr.
1833 2185 1880 2223 R.

179 2237 251 2280 IV,
293 2240 364 2277 441
410 2239 730 2288 vorqeschlaqen
775 2240 895 2280 hatte,
942 2239 1131 2277 wahrend
1176 2252 1217 2276 er
1261 2243 1300 2276 in
1343 2238 1412 2276 der
1451 2238 1644 2288 Ausqabe
1685 2245 1881 2277 vermutet

179 2291 374 2341 ῥεζέμεναὶ
414 2306 455 2329 τε
495 2297 609 2336 Sectis.
640 2292 749 2334 Fick,
781 2292 817 2330 d.
846 2292 950 2330 hom.
982 2291 1021 2329 Il.
1052 2306 1089 2340 p.
1122 2291 1169 2329 75
1200 2291 1281 2329 will
1309 2291 1387 2330 den
1417 2291 1523 2330 Vers
1550 2291 1609 2329 als
1640 2305 1742 2340 ganz
1767 2291 1882 2330 iiber-

180 2343 332 2393 -fliissiq
361 2345 595 2384 streichen.'’
623 2345 892 2383 Ludwich
921 2345 972 2383 ad
1000 2344 1023 2382 l.
1055 2345 1175 2383 Van
1205 2344 1492 2387 Leeuwen.
1523 2344 1696 2386 Enchir.,
1726 2358 1764 2393 p.
1791 2345 1853 2383 49.

234 2397 262 2446 ³)
294 2397 429 2440 Quam
458 2399 513 2437 ob
540 2412 621 2437 rem
650 2412 854 2437 numerum
883 2397 1073 2447 pluralem
1104 2398 1182 2436 hoc
1229 2397 1323 2436 loco
1366 2398 1589 2445 adhibuerit
1630 2403 1764 2447 poeta,
1808 2403 1882 2435 nisi

180 2449 284 2488 forte
329 2464 417 2489 eum
445 2456 595 2490 maiore
620 2465 738 2500 quam
768 2451 898 2490 facere
926 2451 1029 2489 solet
1057 2450 1262 2500 diligentia
1290 2450 1438 2489 hiatum
1467 2456 1640 2489 evitasse
1669 2464 1879 2492 sumamus,

181 2502 379 2552 explicate
407 2517 491 2542 non
519 2517 694 2553 possum.
726 2504 805 2543 Pro
833 2505 912 2542 dat.
955 2503 1006 2553 pl.
1051 2506 1237 2554 δαίμοσιν,
1275 2509 1315 2542 in
1360 2510 1488 2553 primo
1532 2504 1748 2542 hexametri
1779 2503 1882 2552 pede

180 2556 306 2595 subici
349 2564 486 2606 potest
531 2558 610 2596 dat.
649 2563 749 2607 sinq.
792 2560 953 2606 δαίμονι,
984 2565 1111 2595 metro
1139 2570 1222 2595 non
1250 2562 1390 2596 invito.
1421 2556 1567 2606 Neque
1597 2562 1699 2595 enim
1728 2556 1882 2595 vocalis

180 2609 340 2648 initialis
358 2615 564 2658 proximae
594 2616 707 2649 vocis
735 2611 815 2648 hoc
845 2610 1056 2659 prohibet:
1087 2610 1249 2648 dativos
1276 2615 1316 2648 in
1346 2625 1377 2647 -1
1406 2618 1598 2648 exeuntes
1628 2616 1667 2648 in
1697 2610 1881 2649 omnibus

181 2662 396 2701 hexametri
434 2663 605 2712 pedibus
631 2669 716 2702 sine
746 2663 826 2701 ulla
854 2663 1012 2701 licentia
1040 2669 1200 2712 poetica
1223 2671 1315 2701 ante
1343 2663 1526 2702 vocalem
1553 2668 1733 2712 usurpari
1760 2676 1881 2711 posse

182 2715 468 2818 gocle9th§a;17
480 2716 585 2819 L2eb‹]3
601 2731 626 2755 u
640 2731 678 2755 w
694 2730 715 2755 e
731 2730 768 2759 n,
798 2716 971 2758 Enchir.,
1001 2730 1039 2765 p.
1069 2717 1118 2755 79
1149 2715 1213 2767 [cf.
1243 2715 1280 2754 K
1296 2721 1322 2754 ii
1337 2716 1362 2754 h
1377 2731 1403 2755 n
1418 2730 1439 2755 e
1455 2716 1526 2755 r-B
1541 2716 1553 2754 l
1569 2731 1592 2755 a
1607 2730 1625 2755 s
1641 2730 1670 2759 s,
1701 2715 1765 2755 o.l.
1783 2715 1808 2757 I.
1830 2715 1880 2757 13.

236 2822 264 2871 4)
293 2821 402 2860 Vide
436 2836 555 2872 supra
582 2836 649 2871 pp.
682 2823 758 2865 70;
785 2823 836 2861 90
866 2836 922 2871 sq.
