2125 3288
891 103 946 142 43

72 237 173 278 θεόν
207 243 251 274 et
282 233 464 287 δαίμονα,
494 230 762 272 intercedere
796 238 920 283 putat
938 239 1068 282 atque
1086 235 1198 270 inter
1212 227 1340 270 deum
1359 236 1402 269 et
1420 242 1601 269 numen:
1632 227 1777 272 „nicht

72 289 273 337 anders’'‚
305 297 458 344 inquit,
495 289 584 335 „als
615 295 699 330 wie
717 289 786 330 die
805 287 1148 330 verschiedenen
1166 286 1526 339 Ansehauunqen
1545 292 1664 328 einer
1687 285 1777 327 und

74 349 350 404 derselbiqen
383 347 721 391 Gottheit-bald
752 347 843 389 ihre
878 345 1044 388 Person
1077 346 1179 388 bald
1210 345 1276 387 ihr
1307 344 1481 387 Wesen
1487 377 1665 390 .......
1700 344 1776 386 be-

77 408 268 454 -treffem
307 407 404 450 sind
435 407 547 449 auch
594 407 663 448 die
707 405 1084 459 entsprechenden
1131 403 1391 447 Ausdrucke
1438 410 1493 445 im
1540 402 1778 445 Wechsel-

74 467 333 510 -verhaltnis
376 466 465 508 fein
497 464 913 512 unterscheidender
945 463 1220 517 Synonymik
1264 462 1472 505 einander
1510 461 1693 516 qleich.''
1730 461 1776 503 In

77 532 368 569 annotatione
400 526 426 567 6
459 525 569 567 haec
601 523 797 578 profert:
834 522 1166 570 „Verschieden
1198 538 1290 564 von
1322 524 1423 571 θεός
1457 527 1510 563 ist
1543 523 1702 576 δαίμων
1737 527 1779 562 in

74 585 153 628 der
199 600 291 627 von
338 584 418 626 der
464 582 668 626 Gottheit
712 583 971 636 abqelosten
1020 580 1344 635 Bedeutunq(?)
1379 587 1497 622 eines
1528 578 1778 621 waltenden

76 643 474 697 Schicksalqeistes‚
508 642 585 684 der
617 641 711 684 teils
743 641 989 695 allgemeim
1024 640 1119 683 teils
1151 639 1395 682 freundlich
1428 638 1536 681 oder
1573 638 1778 681 feindlich

75 703 239 758 qefasst
270 701 383 744 wird
403 735 411 742 .
433 735 441 743 .
463 735 471 743 .
492 735 500 743 .
535 701 760 743 nebenher
787 700 892 753 qeht
907 701 1067 756 δαίμων
1088 700 1150 742 als
1167 698 1399 740 Ausdruck
1417 698 1494 740 des
1511 696 1780 739 Geschickes

75 761 212 804 selbst
242 767 299 802 im
331 760 448 803 horn.
475 763 607 815 πάρος
643 777 707 803 τοι
741 761 921 813 &niumm
949 762 1077 803 δώσω
1114 758 1170 811 [Θ
1212 756 1307 810 166]
1343 756 1432 798 und
1463 763 1506 797 in
1551 756 1776 798 manchem

75 826 280 874 spateren
326 818 762 872 SprachgebrauchJ'
814 817 1052 870 Postquam
1096 816 1303 859 refutavit
1346 815 1401 860 id,
1433 815 1553 868 quod
1602 814 1778 867 Ukert1)

75 879 130 922 de
175 879 376 936 δαίμονος
411 887 565 920 natura
599 887 760 921 censet.
795 883 854 918 sic
887 882 1030 929 pergit
1065 874 1107 917 G
1126 891 1148 917 e
1167 891 1186 916 r
1204 875 1230 916 h
1249 890 1274 916 a
1293 890 1311 915 r
1329 874 1356 915 d
1377 891 1384 914 ε

137 936 444 990 ,,5ε11>5ῐὲίη(1ί9
476 937 539 978 als
572 943 667 977 eine
698 951 788 977 von
807 935 883 976 der
908 933 1112 976 Gottheit
1130 942 1371 987 qetrennte,
1392 931 1573 974 obwohl
1592 932 1782 974 entfernt

78 996 330 1050 abhanqiqe
379 994 723 1037 Personlichkeit
771 994 855 1035 den
904 993 1206 1035 homerischen
1240 993 1412 1047 Δκίμων
1448 990 1523 1032 auf
1553 1006 1603 1032 zu
1635 991 1780 1032 fassen

76 1055 172 1098 sind
188 1061 269 1097 wir
286 1053 471 1108 nirqend
491 1053 759 1096 schlechthin
792 1050 1082 1105 berechtiqt'',
1117 1051 1237 1105 quod
1269 1051 1382 1092 idem
1415 1048 1779 1102 N'aqelsbach

76 1113 248 1168 putat.²)
279 1112 476 1155 Numina
519 1112 674 1157 media,
722 1111 967 1159 „dienende
1002 1108 1332 1152 Mittelwesen‘'
1370 1115 1442 1162 qui
1475 1108 1689 1153 dicuntur,
1723 1108 1781 1150 ab

79 1171 353 1215 Homero
400 1171 542 1214 aliena
589 1171 718 1213 fuisse
763 1171 892 1213 docet
937 1169 1216 1212 Gerhard.
1263 1167 1424 1210 Varias
1472 1174 1599 1221 igitur
1641 1174 1780 1220 tangit

77 1238 381 1285 quaestiones:
416 1230 519 1284 quid
550 1236 718 1272 intersit
749 1236 860 1271 inter
876 1231 1057 1285 δκίμονν.
1078 1239 1120 1271 et
1141 1231 1238 1272 θεὸν
1259 1233 1463 1281 exponit:
1497 1226 1551 1267 de
1585 1229 1778 1281 δαίμονος

77 1300 232 1333 natura
264 1290 470 1343 disputat,
486 1296 569 1330 iam
588 1289 707 1343 apud
741 1288 784 1330 H
798 1305 825 1330 o
845 1305 884 1330 m
904 1304 926 1330 e
945 1306 964 1329 r
982 1304 1008 1330 u
1026 1304 1066 1329 m
1099 1302 1256 1330 vocem
1275 1293 1317 1328 vi
1335 1292 1511 1339 passiva
1528 1294 1780 1338 usurpatam

78 1365 172 1392 esse
219 1349 412 1392 ostendit
443 1364 585 1401 neque
616 1355 915 1401 quaestionem
948 1348 1002 1389 de
1036 1346 1283 1389 numinibus
1316 1345 1465 1387 mediis
1497 1350 1667 1386 omittit.

137 1407 181 1450 N
201 1423 225 1450 e
245 1424 273 1450 u
289 1407 317 1450 h
335 1414 360 1450 a
378 1423 404 1449 u
422 1423 441 1450 s
459 1423 482 1450 e
501 1423 533 1452 r,
582 1423 708 1460 quem
759 1410 940 1462 δαίμονγ,
983 1412 1135 1447 summi
1169 1411 1353 1447 numinis
1385 1404 1520 1445 divini
1552 1402 1780 1456 appellati—

79 1483 229 1510 -onem
247 1466 418 1508 duxisse
435 1481 567 1519 supra
584 1465 853 1508 ostendimus
873 1464 931 1518 [p.
953 1464 1040 1518 3OJ.
1060 1471 1101 1506 in
1120 1464 1415 1517 disputatione
1434 1462 1487 1504 de
1506 1460 1780 1504 Graecorum

81 1525 384 1568 Daemonibus
433 1524 644 1578 [Berolini
695 1524 838 1578 1857]‚
886 1541 926 1577 p.
978 1525 1055 1566 17:
1122 1522 1284 1576 „Apud
1330 1521 1573 1564 Homerum
1606 1518 1777 1574 iqitur.'’

79 1591 232 1639 inquit,
270 1586 468 1641 ,,δαίμων
501 1590 685 1637 primurn
720 1594 784 1626 est
817 1591 1021 1625 universa
1052 1589 1117 1624 vis
1148 1598 1198 1624 ac
1231 1582 1437 1623 voluntas
1483 1580 1645 1624 divina,
1694 1594 1781 1620 una

79 1650 260 1687 notione
307 1643 638 1697 comprehensa,
689 1658 981 1696 expressaque
1030 1648 1071 1683 in
1120 1656 1174 1683 eo
1223 1650 1286 1682 est
1333 1639 1520 1682 obscura
1564 1637 1780 1691 quaedam

79 1708 289 1757 cogitatio
321 1708 446 1744 unius
477 1717 529 1744 ac
561 1708 712 1744 summi
747 1708 945 1747 numinis,
973 1700 1093 1754 quod
1119 1700 1387 1753 singulorum
1407 1698 1588 1740 deorum
1607 1703 1783 1738 numina

79 1769 123 1804 in
154 1777 200 1804 se
232 1767 355 1815 quasi
387 1767 625 1815 coniungat
645 1794 653 1802 .
675 1794 681 1801 .
777 1759 915 1802 Paulo
948 1769 1049 1813 post
1081 1758 1139 1812 [p.
1180 1757 1276 1812 18]:
1329 1756 1577 1803 „Interdum
1626 1753 1780 1801 enim,’'

78 1827 230 1874 inquit,
281 1821 474 1876 ,δαίμων
522 1820 625 1862 nihil
670 1830 733 1862 est
780 1826 859 1861 nisi
908 1824 1031 1861 notio
1078 1817 1337 1872 generalior,
1383 1822 1629 1858 universam
1663 1830 1781 1856 com-

79 1879 296 1934 ·-plectens
321 1879 618 1921 divinitatem.
639 1912 676 1920 ..
713 1878 932 1921 Interdum
967 1887 1113 1920 autem
1146 1886 1298 1931 aperte
1331 1891 1382 1918 ac
1413 1874 1596 1916 dilucide
1629 1880 1688 1915 ita
1719 1880 1782 1915 in-

81 1938 286 1984 -ducitur,
303 1947 351 1980 ut
368 1944 559 1980 omnium
575 1938 757 1980 deorum
791 1944 1025 1980 coniuncta
1058 1946 1101 1978 et
1133 1943 1174 1977 in
1207 1951 1339 1977 unum
1372 1933 1556 1976 collecta
1589 1942 1784 1986 potestas

81 2004 172 2040 eius
202 2004 291 2039 vim
324 1996 480 2039 efficiat
511 1996 655 2051 diique
689 1997 844 2050 singuli
877 2002 999 2049 quasi
1029 1995 1217 2048 aliquam
1236 2001 1326 2036 eius
1345 2004 1512 2047 partem
1531 1991 1780 2034 ostendant.

79 2055 229 2110 Atque
244 2062 288 2098 in
305 2055 387 2098 hac
404 2062 587 2098 notione
605 2056 774 2100 accidit,
803 2065 850 2097 ut
882 2054 1059 2108 sinqulis
1092 2054 1170 2095 diis
1203 2061 1500 2106 anteponatur
1532 2050 1782 2103 habeatque

80 2121 168 2157 vim
200 2114 279 2158 illis
310 2114 623 2169 superiorem.''
660 2114 708 2156 Id
740 2114 861 2168 quod
894 2112 1111 2156 nonnullis
1144 2111 1348 2165 exemplis
1368 2110 1580 2153 illustrare
1598 2118 1784 2152 conatur

82 2173 465 2216 Neuhauser
514 2172 572 2227 [p.
612 2174 662 2215 18
695 2172 792 2226 sq.].

142 2231 314 2276 Deinde
344 2239 405 2276 sic
436 2239 579 2286 perqit
613 2231 671 2286 [p.
691 2231 790 2285 21]:
827 2231 1008 2284 „Itaque
1041 2237 1075 2272 si
1106 2229 1163 2271 ab
1196 2228 1396 2271 Hesiodo
1429 2228 1609 2281 aliisque
1642 2225 1784 2268 multis

81 2298 256 2334 serioris
301 2298 459 2334 aetatis
503 2291 787 2345 scriptoribus
836 2293 1030 2346 δκίμονες
1081 2288 1262 2331 deorum
1296 2287 1535 2330 administri
1568 2286 1781 2330 dicuntur,

81 2350 200 2405 apud
232 2349 476 2392 Homerum
508 2350 566 2392 dii
596 2356 742 2404 potius
775 2351 971 2405 δαίμονος
1007 2347 1246 2390 administri
1278 2355 1377 2391 sunt
1410 2352 1587 2398 eiusque
1632 2358 1783 2397 supre-

86 2425 221 2452 -mam
252 2415 342 2451 vim
373 2424 425 2451 ac
456 2409 730 2452 voluntatem
764 2405 1099 2461 exsequuntur.”

142 2467 307 2510 Locum
359 2470 396 2512 Θ
436 2468 516 2510 166
563 2472 697 2524 πάρος
746 2485 810 2512 τοι
859 2468 1039 2523 δαίμονα.
1087 2468 1234 2511 δώσω,
1283 2470 1356 2517 qui
1392 2462 1556 2513 >multas
1588 2468 1783 2505 virorum

83 2526 315 2570 doctorum
357 2532 632 2569 coniecturas
664 2526 820 2571 elicuit,
856 2532 914 2567 sic
948 2524 1134 2578 explicat
1174 2522 1233 2576 [p.
1267 2522 1369 2576 20}:
1407 2538 1515 2575 „pro
1547 2528 1644 2575 ipso
1677 2521 1783 2566 fato,

84 2601 174 2628 non
191 2591 431 2629 constituto
449 2601 504 2628 eo
536 2585 612 2627 sed
645 2590 937 2629 constituenti,
973 2585 1152 2639 δαίμονα.
1185 2582 1268 2624 dici
1300 2581 1487 2626 licebat;
1520 2590 1651 2634 atque
1684 2580 1784 2622 inde

85 2644 335 2699 explicatur,
369 2660 456 2698 qua
489 2650 660 2686 ratione
697 2643 867 2686 Hector
901 2641 1106 2684 Diomedi
1139 2657 1184 2683 se
1206 2643 1419 2697 ,δαίμονα
1439 2641 1620 2684 δώσειν”
1642 2639 1786 2682 dicere

140 2771 168 2819 ¹)
197 2770 307 2809 Vide
334 2784 454 2820 supra
484 2784 522 2820 p.
553 2771 614 2808 42.

139 2824 166 2874 2)
192 2823 302 2862 Vide
331 2835 452 2873 supra
479 2837 517 2873 p.
548 2824 610 2861 41.
