2159 3288
796 429 1072 473 CAPUT
1120 430 1200 472 IV.

311 534 454 586 Quae
485 539 722 579 sententia
754 539 866 578 insit
898 536 1140 579 adiectivo
1172 536 1302 590 quod
1334 543 1408 578 est
1439 538 1667 592 δαιμόνιος.

195 651 270 695 Ad
313 652 586 695 statuendam
633 660 756 695 vocis
802 652 1163 706 significationem
1210 652 1430 695 vocabula
1476 652 1676 694 derivata
1723 651 1840 694 haud

138 727 292 765 parum
324 726 419 754 esse
451 711 624 757 idonea,
659 727 789 766 supra
821 712 982 754 dictum
1015 722 1080 754 est
1115 710 1172 765 [p.
1206 711 1295 765 49].

197 769 479 816 Nitzsch,
527 770 614 812 o.l.
665 770 695 815 Ι,
745 787 787 823 p.
837 771 905 816 89,
955 770 1058 823 quid
1095 777 1207 812 inter
1244 773 1342 813 θεὸν
1376 780 1418 811 et
1450 772 1639 826 δαίμονα
1669 775 1838 812 intersit

137 828 377 883 disputans,
410 835 503 872 iure
535 828 660 871 affert
692 830 910 871 adiectiva
943 845 1021 882 q.s.
1058 834 1179 879 θεῖος
1212 839 1254 870 et
1287 832 1514 884 δαιμόνιος.
1553 827 1664 875 ..Am
1683 828 1840 870 kennt—

136 886 380 934 -lichsten‚'’
424 894 574 942 inquit,
624 894 705 934 ..ist
751 904 796 929 er
837 887 931 934 [der
978 887 1369 930 unterscheidende
1418 886 1751 941 Grundbeqriff]
1784 893 1839 928 im

138 944 402 989 Gebrauche
435 946 513 989 det
544 945 812 999 Adjektiven
848 951 964 997 θεῖος
1000 946 1088 988 und
1122 949 1352 1001 δαιμόνιος,
1391 961 1483 988 von
1527 946 1672 989 denen
1718 952 1840 1000 jenes

136 1005 214 1048 das
260 1004 486 1048 Gottliche
517 1005 580 1047 als
612 1005 682 1047 die
715 1005 880 1047 h'o'here
911 1004 1209 1047 Trefflichkeit
1239 1011 1358 1047 einer
1389 1005 1499 1047 iiber
1531 1005 1609 1047 das
1642 1012 1839 1058 gemeine

136 1064 426 1106 menschliche
460 1063 588 1106 Mass
620 1064 842 1117 beqabten
875 1062 1034 1109 Natus,
1080 1063 1220 1113 dieses
1264 1063 1464 1106 dasselbe
1511 1064 1573 1105 als
1619 1064 1698 1106 das
1743 1071 1839 1106 eine

136 1121 436 1177 unbeqriffene
471 1121 630 1165 Macht
661 1122 1032 1176 Ankiindiqende,
1065 1123 1127 1165 als
1159 1122 1237 1165 das
1254 1121 1448 1165 Staunen
1476 1123 1565 1164 und
1584 1129 1712 1165 somit
1729 1123 1840 1165 auch

135 1181 266 1225 leicht
278 1180 441 1224 Furcht
459 1180 714 1236 Erreqende
733 1180 1012 1224 bezeichnet'’
1026 1183 1031 1228 Ι
1043 1198 1174 1235 supra
1191 1198 1232 1235 p.
1246 1183 1331 1234 42].
1354 1181 1480 1224 Haec
1498 1181 1688 1223 refutare
1706 1197 1839 1224 cona-

135 1250 225 1283 —tur
258 1239 556 1286 Krocher,
591 1241 672 1283 o.l.
707 1257 748 1293 p.
775 1242 823 1282 13
841 1241 1009 1283 dicens:
1042 1240 1199 1287 ,.Esist
1218 1240 1576 1296 unstatthafndie
1594 1241 1841 1283 besondere

135 1298 408 1354 Bedeutunq.
441 1299 609 1342 welche
641 1300 731 1342 sich
764 1300 1028 1342 schliesslich
1061 1300 1109 1352 U]
1143 1300 1210 1342 fiir
1255 1306 1350 1342 eine
1393 1300 1656 1354 abqeleitete
1708 1299 1839 1342 Form

134 1358 485 1412 herausqebildet
532 1359 620 1404 hat,
664 1359 920 1401 demnachst
952 1359 1064 1401 auch
1097 1359 1172 1400 auf
1202 1359 1281 1401 das
1312 1358 1596 1401 Stammwort
1628 1375 1679 1401 zu
1712 1359 1840 1400 iiber-

134 1415 335 1471 —traqen’'
370 1433 464 1471 sqq.
498 1415 629 1464 Quae
662 1424 740 1460 nisi
775 1424 932 1472 partim
976 1425 1014 1460 ei
1047 1434 1137 1460 non
1183 1418 1395 1460 concedo.
1439 1416 1604 1460 Verbis
1633 1418 1840 1460 derivatis

132 1475 349 1519 interdum
396 1483 519 1519 vocis
551 1483 834 1530 primigeniae
867 1484 954 1518 vim
988 1484 1141 1520 eximie
1175 1477 1387 1522 illustrari,
1421 1483 1493 1518 vix
1526 1483 1676 1530 negari
1710 1492 1839 1530 posse

133 1535 336 1577 arbitror.
373 1534 421 1577 In
452 1541 548 1588 ipsa
579 1551 692 1577 voce
725 1552 806 1588 q.e.
842 1538 1003 1591 δαίμων
1039 1543 1241 1590 insignite
1275 1546 1407 1589 patet.
1438 1543 1589 1589 quanti
1630 1542 1838 1578 momenti

134 1601 218 1637 sint
264 1594 416 1639 verba.
465 1609 578 1648 quae
611 1594 669 1636 ab
701 1595 772 1637 illa
804 1594 1035 1639 ducuntur.
1070 1606 1328 1647 comparata
1361 1610 1457 1637 cum
1490 1594 1637 1637 verbis
1669 1611 1695 1636 a
1727 1610 1838 1637 voce

135 1669 217 1706 q.e.
251 1656 352 1704 θεὸς
386 1652 522 1698 fictis;
556 1660 668 1696 inter
701 1669 746 1696 se
779 1654 1064 1696 conferantur
1097 1654 1232 1696 haec:
1270 1658 1413 1705 ἄθεος.
1449 1656 1631 1704 δύσθεος
1682 1663 1724 1695 et
1772 1657 1837 1697 εὐ-

136 1714 335 1767 -δαίμων,
368 1714 625 1769 δυσδαίμων.
647 1712 674 1765 1)

193 1769 231 1813 E
247 1786 360 1814 voce
380 1786 462 1824 q.e.
483 1773 644 1827 δαίμων
665 1771 930 1825 repetendae
953 1782 1051 1814 sunt
1084 1778 1274 1825 origines
1306 1772 1542 1813 verborum
1564 1789 1570 1812 :
1607 1774 1837 1827 δαιμόνιος,

134 1832 362 1885 εὐδαίμων,
397 1831 707 1887 ὀλβιοδαίμων,
744 1832 1035 1887 βαρυδαίμων
1071 1832 1331 1887 δυσδαίμων,
1368 1834 1670 1886 κακοδαίμων,
1706 1833 1835 1873 δεισι-
1894 1886 1897 1889 .

137 1891 337 1944 -δαίμων,
385 1890 635 1944 ἰσοδαίμων
686 1905 708 1931 e
756 1889 913 1943 quibus
960 1889 1078 1943 apud
1128 1889 1464 1932 Homerum
1513 1890 1620 1932 haec
1669 1899 1836 1931 tantum

132 1954 438 1990 inveniuntur:
474 1950 784 2004 δαιμόνιος
792 1947 894 2001 ‚²)'
888 1955 1009 2005 ,λβι
1025 1951 1154 1992 οδαί
1144 1948 1336 2003 νμωνό)

192 2006 476 2061 Inquiramus,
511 2023 623 2061 quae
657 2013 722 2049 vis
753 2008 869 2060 apud
905 2006 1203 2049 Homerum
1237 2014 1336 2049 insit
1369 2014 1469 2049 voci
1498 2024 1537 2060 q.
1545 2023 1580 2049 e.
1602 2010 1673 2050 δαι
1678 2027 1731 2063 320
1734 2025 1773 2049 νι

187 2152 215 2199 1)
257 2150 322 2190 Cf.
364 2151 733 2193 Kretschmer
777 2151 955 2201 Sprache
998 2151 1521 2202 [Gercke-Norden,
1564 2151 1643 2190 o.l.
1676 2151 1738 2202 121.
1767 2166 1834 2201 pp.

134 2204 260 2243 502-
217 2205 354 2295 -.9506
398 2203 662 2247 Schmidt,
704 2205 927 2254 Synonym.
974 2205 1010 2243 d.
1055 2204 1123 2243 Gt.
1156 2204 1243 2254 Spr.
1273 2204 1344 2247 IV,
1392 2219 1428 2254 p.
1461 2206 1494 2243 2.
1541 2205 1709 2246 Cohn,
1756 2205 1834 2243 o.l.

165 2288 171 2295 .
203 2258 252 2295 72
309 2271 326 2295 s
359 2288 366 2295 .

133 2271 160 2306 p
186 2309 214 2358 ²)
242 2271 428 2358 δαιμεένιος
456 2316 497 2348 in
527 2310 647 2349 Iliade
678 2318 716 2349 et
743 2310 934 2359 Odyssea
962 2310 1121 2349 duobus
1151 2318 1189 2349 et
1216 2316 1357 2359 viginti
1379 2310 1659 2359 locisleqitur:
1693 2313 1724 2346 ,Χ
1745 2311 1833 2349 561.

136 2366 160 2398 l}
189 2363 273 2404 190.
306 2363 393 2401 200.
425 2363 557 2402 r399.
593 2365 705 2402 231.
738 2364 871 2405 2326,
903 2364 991 2405 407.
1023 2364 1111 2406 486,
1143 2364 1230 2402 521.
1267 2364 1356 2402 140.
1388 2366 1424 2400 N
1454 2365 1542 2406 448,
1574 2364 1662 2402 810.
1686 2366 1727 2400 Ω
1750 2364 1833 2402 194.

187 2415 210 2451 δ
238 2416 326 2454 774.
357 2430 379 2452 κ
408 2417 497 2454 472.
530 2416 554 2463 ξ
577 2418 665 2455 443.
699 2430 722 2453 ε-
756 2418 813 2458 15,
845 2417 933 2455 406.
966 2431 988 2453 τ·
1014 2418 1074 2455 71.
1107 2419 1133 2453 ψ
1170 2418 1254 2457 166.
1290 2418 1375 2459 174,
1407 2418 1494 2455 264.

187 2468 230 2506 In
258 2468 416 2517 hymnis
459 2477 516 2508 ter
555 2475 750 2508 occurrit:
794 2470 830 2508 h.
873 2475 912 2507 in
955 2469 1081 2508 Mete.
1113 2469 1199 2518 (IV,
1229 2469 1427 2518 Allen),
1457 2471 1519 2508 97.
1551 2470 1587 2508 h.
1618 2475 1658 2508 in
1687 2470 1831 2508 Bacch.

133 2521 250 2570 (VII.
287 2523 344 2563 17,
376 2522 436 2560 26.

114 2610 117 2613 ,
187 2524 274 2622 3))Γ
309 2575 407 2612 182.
401 2590 408 2597 ·
440 2574 819 2624 ὦμάκκρ”Χτ-ρεὶὂν
839 2582 1075 2624 μςιςνγενες,
1096 2578 1353 2623 ὀλβιόδαιμον,
1370 2589 1452 2624 quo
1469 2575 1563 2615 loco
1578 2577 1832 2624 &Mi'tffxtpxy

133 2640 221 2666 eum
249 2626 454 2676 significat,
484 2633 546 2666 cui
574 2642 719 2666 numen
747 2627 866 2666 favet.
899 2628 1158 2677 Ebelinq.
1204 2642 1241 2667 ο.
1261 2628 1284 2667 l.
1315 2635 1337 2666 1.
1358 2643 1395 2666 v.
1416 2643 1424 2670 ς
1455 2643 1574 2678 supra
1607 2644 1645 2677 p.
1681 2630 1804 2671 1577.

186 2679 443 2719 Adiectivum
487 2695 577 2717 nxz:
564 2683 727 2729 δαὶμων
771 2681 934 2730 legitur:
964 2680 1040 2730 Ep.
1073 2681 1176 2719 XIV
1205 2681 1571 2732 [Baumeister
1603 2682 1733 2732 1910].
1762 2683 1832 2720 21:

134 2731 306 2781 γκὲύσω
326 2736 357 2770 δ’
386 2736 496 2782 ἐρέων
525 2736 570 2770 a.)
576 2739 647 2770 τῶν
679 2733 972 2784 [centaurorum
1001 2734 1072 2784 sc]
1105 2737 1361 2772 κακοδκίαογα
1392 2740 1553 2785 τέχναν.

186 2785 249 2825 Cf.
296 2785 556 2836 Ebelinq
601 2786 680 2825 o.l.
710 2793 787 2825 i..v
