2159 3288
93 205 127 240 H
152 204 228 242 377

1107 72 1163 113 98

342 200 510 245 Eadem
542 218 568 244 a
601 200 777 243 Priamo
809 207 1019 242 iterantur
1054 199 1127 252 [ib.
1162 200 1247 241 377
1290 199 1415 253 sqq.],
1461 215 1573 253 quae
1617 216 1775 246 rursus
1827 199 1985 244 Priami

92 264 126 298 H
156 261 233 301 396
289 268 418 307 iussu
451 261 509 302 ab
542 259 678 302 Idaeo
711 273 931 312 praecone
962 257 1020 299 ad
1053 254 1252 301 Graecos
1284 258 1529 301 referuntur
1562 258 1633 311 [ib.
1667 259 1753 301 396
1784 259 1879 313 sq].
1897 258 1926 312 1)

343 323 426 365 Δαι
438 338 527 376 μων
560 318 677 361 hisce
708 319 814 361 locis
841 331 1002 359 numen
1024 316 1127 358 illud
1144 324 1404 363 nominatur
1424 317 1544 371 quod
1562 328 1811 372 pugnantes
1827 318 1986 361 dirimit

286 379 556 433 praebetque
574 383 816 419 victoriam
837 374 1000 428 Neque
1024 382 1135 418 enim
1168 382 1260 418 sine
1291 376 1441 418 divina
1472 376 1702 419 voluntate
1734 386 1985 431 reportatur

285 445 483 481 victoria

345 436 579 538 Menelgus
611 500 839 536 victoriam
872 508 895 535 e
927 492 1109 535 deorum
1142 493 1324 536 arbitrio
1357 492 1550 546 pendere
1582 493 1683 535 dicit
1728 496 1766 537 H
1808 495 1882 536 101
1920 510 1984 548 sq.

345 555 495 597 Iovem
514 559 741 595 victoriam
760 561 996 605 precantur
1023 550 1183 594 Graeci
1220 554 1257 595 H
1289 552 1374 594 202
1407 567 1501 605 sqq.
1536 549 1656 594 Zeus
1688 551 1788 594 belli
1820 553 1986 595 arbiter

284 614 529 668 appellatur
563 615 598 655 Δ
632 612 699 653 84.
733 614 770 654 T
804 611 902 652 224.

345 672 515 715 Hector
548 684 693 712 secum
727 678 902 723 reputat
936 668 991 722 [X
1029 670 1108 711 129
1141 669 1255 722 sq.]:

459 732 656 786 βέλτερον
695 730 788 773 αὖτ’
827 730 932 784 ἐ’ριδι
964 730 1270 783 ξυνελαυνέμεν
1304 731 1396 772 ὅττι
1427 731 1625 785 τάχιστα·

456 790 641 845 εἴδομεν,
675 790 902 844 ὁπποτέρῳ
933 806 1005 831 κεν
1039 789 1275 844 Ὀλύμπιος
1311 790 1439 843 εὖχος
1471 786 1659 842 ὁρέξῃ.3)

338 848 493 891 Idaeus
539 863 714 900 praeco,
757 857 992 901 postquam
1025 845 1133 888 Aias
1165 856 1209 889 et
1242 845 1413 888 Hector
1445 860 1589 899 aequo
1622 845 1792 900 proelio
1834 861 1986 888 manus

282 916 598 951 conseruerunt
632 906 687 959 [H
723 906 808 948 279
841 905 920 959 sq.]
947 923 955 947 z

454 967 623 1022 μηκέτι
656 972 808 1019 inquit,
844 967 973 1009 παῖδε
1007 967 1134 1021 φίλ,ω
1167 965 1416 1021 ποὶεμίζετε
1451 967 1556 1021 μηδὲ
1591 967 1832 1020 μάχεσθον·

455 1028 693 1081 ἀμφοτέρω
727 1027 811 1081 γὰρ
846 1030 960 1081 σφῶι
998 1029 1113 1079 φιλεῖ
1147 1025 1462 1081 νεφεληγερέτα
1499 1021 1619 1075 Ζευς,

340 1083 506 1139 Apollo
539 1094 773 1138 postquam
808 1099 858 1125 ex
891 1082 1071 1126 Athena
1103 1090 1331 1136 quaesivit
1365 1098 1495 1136 quam
1529 1082 1588 1124 ob
1607 1097 1697 1124 rem
1712 1081 1769 1124 ab
1787 1080 1987 1135 Olympo

281 1144 528 1186 discesserit
563 1143 618 1196 [H
657 1144 711 1185 26
744 1141 857 1196 sq.]:
888 1145 914 1198 ἧ
950 1145 1022 1186 ἵνα
1054 1145 1105 1198 δὴ
1141 1146 1354 1186 Δαναοῖσι
1385 1145 1525 1198 μάχης
1559 1142 1800 1197 ἑτεραλκέα
1826 1143 1948 1196 νίκην

625 1205 739 1258 δῷςς
1265 1208 1324 1244 sic
1356 1207 1501 1255 pergit
1535 1199 1607 1253 [ib.
1642 1201 1696 1242 29
1729 1199 1872 1253 sqq.]:

455 1267 524 1304 νῦν
559 1264 632 1317 μὲν
665 1263 896 1317 παύσωμεν
932 1264 1114 1315 πόλεμον
1151 1263 1225 1304 καὶ
1259 1263 1470 1315 δηιοτῆτα

449 1323 630 1377 σήμερον
653 1336 661 1344 ·
695 1323 872 1375 ὕστερον
908 1323 1010 1364 αὖτε
1045 1320 1304 1375 μαχήσοντ’,
1335 1320 1394 1370 εἰς
1427 1321 1448 1361 ‘0'
1488 1337 1537 1362 κε
1569 1320 1744 1376 τέκμωρ

455 1381 588 1423 Ἰλίου
621 1382 819 1435 εὕρωσιν
855 1380 945 1422 ἐπεὶ
981 1382 1035 1430 ὣς
1071 1381 1192 1433 φίλον
1226 1380 1392 1422 ἔπλετο
1423 1381 1549 1434 θυμῷ

454 1441 550 1492 ὑμῖν
582 1440 843 1492 ἀθανάτῃσι
877 1439 1158 1492 διαπραθέειν
1192 1438 1289 1481 τόδε
1324 1440 1447 1480 ἄστυ.

337 1496 517 1539 Athena
549 1496 605 1539 ad
638 1496 772 1538 Arem
810 1496 862 1549 [E
896 1497 951 1539 32
985 1495 1094 1571 sq;].

453 1559 539 1601 οὐκ
571 1559 619 1600 ἂν
652 1558 702 1612 δὴ
735 1558 893 1611 Τρῶας
923 1558 995 1611 μὲν
1031 1557 1228 1611 ἐάσαιμεν
1267 1555 1342 1597 καὶ
1374 1556 1587 1611 Ἀχαιοὺς

452 1616 668 1671 μάρνασθ’
705 1616 983 1670 ὁπποτέροισι
1015 1617 1159 1672 πατὴρ
1194 1615 1298 1664 Ζεὺς
1331 1615 1459 1664 κῦδος
1494 1615 1649 1669 ὀρέξῃς

335 1673 408 1716 Dii
439 1683 551 1718 sunt,
585 1674 872 1727 quihomines
889 1683 1136 1728 pugnantes
1153 1679 1428 1715 committant
1446 1671 1593 1718 modo
1618 1671 1752 1714 modo
1769 1671 1986 1714 dirimant

341 1737 380 1778 A
415 1734 440 1776 8
473 1743 681 1787 rogatur:

450 1794 512 1843 τίς
542 1796 622 1849 τάρ
654 1810 773 1848 σφωε
807 1796 920 1837 θεῶν
954 1794 1059 1848 ἔριδι
1093 1793 1271 1847 ξυνέηκε
1302 1794 1552 1848 μάχεσθαι;
1569 1789 1600 1843 1)

339 1851 387 1893 In
419 1851 602 1894 deorum
628 1852 814 1894 concilio
847 1849 967 1894 Zeus
999 1851 1102 1893 dicit
1132 1850 1243 1893 haec
1279 1849 1332 1903 [Δ
1372 1852 1421 1892 14
1454 1849 1594 1903 sq.q]:

453 1913 575 1967 ἡμεῖς
611 1913 655 1954 δὲ
689 1912 960 1967 φραζώμεθ’
998 1913 1117 1962 ὅπως
1148 1913 1276 1954 ἔσται
1307 1913 1408 1954 τάδε
1440 1912 1571 1966 ἔργα

450 1973 475 2025 ἦ
510 1971 543 2025 ῥ’
582 1972 699 2020 αὖτις
735 1973 924 2026 πολεμον
954 1988 999 2013 τε
1036 1972 1177 2014 κακὸν
1214 1970 1289 2013 καὶ
1321 1972 1503 2026 φύλοπιν
1538 1970 1654 2023 αἰνὴν

451 2032 630 2085 ορσομεν
662 2031 688 2085 ἦ
723 2031 937 2086 φιλότητα
967 2030 1057 2084 μετ’
1095 2030 1374 2086 ἀμφοτέροισι
1409 2031 1624 2085 βάλωμεν.

332 2133 680 2188 Agamemnonis
714 2137 824 2191 ψυχή
858 2134 915 2177 ad
947 2133 1128 2178 Achillis
1157 2133 1260 2177 dicit
1294 2132 1344 2186 [ω
1376 2135 1427 2176 41
1465 2132 1576 2187 sq.]:

453 2197 572 2250 ἡμεῖς
610 2196 654 2238 δὲ
685 2196 857 2249 πρόπαν
887 2195 1006 2251 ἦμαρ
1039 2194 1316 2250 ἐμαρνάμεθ’·
1351 2194 1453 2238 οὐδέ
1487 2211 1537 2236 κε
1571 2194 1749 2247 πάμπαν

454 2256 722 2308 παυσάμεθα
754 2254 988 2309 πτολέμου,
1021 2254 1057 2296 εἰ
1089 2256 1144 2309 μὴ
1182 2254 1286 2303 Ζεὺς
1322 2253 1503 2296 λαίλαπι
1534 2255 1709 2294 παῦσεν.

336 2375 362 2423 1)
394 2373 432 2411 N
450 2375 740 2416 euh'auser,
771 2374 836 2413 o.l.
856 2389 893 2423 p.
914 2376 958 2413 21
994 2388 1077 2413 non
1106 2373 1277 2413 infacete
1307 2387 1381 2412 nec
1412 2373 1595 2422 illepide:
1633 2372 1818 2422 „quare”
1849 2378 1987 2422 inquit.

283 2426 348 2476 [ex
389 2440 439 2465 eo
486 2441 538 2466 sc.
584 2428 695 2476 quod
739 2431 912 2476 δαίμονος
945 2433 1007 2466 vis
1050 2427 1214 2478 singulis
1256 2427 1331 2466 diis
1371 2432 1551 2476 superior
1589 2432 1716 2475 putari
1747 2425 1891 2476 possit]
1924 2433 1987 2469 „et

280 2478 425 2518 Graeci
456 2489 493 2518 et
522 2480 690 2519 Troiani
719 2486 913 2519 victoriae
942 2486 1255 2531 assignationem
1285 2493 1368 2518 non
1396 2494 1420 2518 a
1448 2480 1614 2518 deorum
1650 2479 1797 2529 aliquo,
1839 2484 1988 2528 quippe

280 2538 347 2581 qui
375 2538 449 2581 ipsi
479 2540 664 2572 acerrime
694 2540 794 2572 inter
824 2547 865 2572 se
894 2542 1130 2584 pugnarent.
1161 2547 1291 2583 neque
1322 2547 1345 2571 a
1374 2532 1482 2576 Iove,
1509 2538 1658 2583 quippe
1675 2538 1797 2582 quiin
1809 2539 1987 2571 neutram

279 2594 430 2634 partem
460 2587 660 2624 videretur
688 2594 923 2625 sententiam
953 2587 1101 2630 tulisse,
1131 2587 1202 2626 sed
1231 2601 1254 2625 a
1294 2586 1504 2629 daemone,
1546 2594 1746 2635 tamquam
1789 2590 1986 2634 principio

279 2645 506 2688 potentiore
537 2640 861 2688 exspectabant.''

333 2692 360 2740 2)
403 2691 440 2728 N
457 2698 514 2741 'aq
530 2693 1093 2736 elsbaeh-Autenrieth.
1124 2693 1191 2732 0.l.
1210 2706 1247 2743 p.
1266 2693 1328 2732 66.
1358 2692 1576 2735 Finsler,
1603 2691 1734 2735 0.1.12,
1751 2706 1789 2741 p.
1807 2692 1883 2730 242
1899 2704 1983 2740 sqq.

334 2745 362 2793 ³)
393 2743 456 2782 Cf.
487 2744 526 2782 Η
553 2746 603 2783 69
633 2759 716 2794 sqq.

334 2798 362 2847 ⁴¹)
392 2797 455 2836 Cf.
488 2798 527 2836 H
555 2799 630 2836 209
660 2812 716 2847 sq.
