2159 3288
1158 96 1238 143 180

350 243 545 281 neque
590 242 839 281 usquam
883 224 1044 278 apud
1092 223 1437 270 Homerum,
1484 225 1525 267 h.
1562 224 1641 271 IV,
1676 227 2040 281 97except0.

349 287 463 328 ulla
495 301 590 328 res
622 286 733 327 hac
765 299 919 326 voce
951 283 1383 337 appellatur.¹)

407 345 503 387 Iure
550 350 677 398 iqitur
724 342 753 384 S
770 358 792 385 c
808 343 834 384 h
852 341 922 384 ol
969 340 1012 383 Α
1058 341 1114 384 ad
1165 340 1201 383 B
1254 343 1360 385 190.
1405 345 1516 401 αὕτη
1547 346 1573 400 ἡ
1606 345 1736 395 ὶὲξις,
1769 351 1920 399 inquit
1954 351 2040 389 τῶν

345 406 485 459 μέσων
504 405 607 449 ἐστί,
631 434 636 439 -
658 439 664 445 .
687 439 693 445 .
717 439 723 445 .
766 404 830 445 ’τὲ
864 403 939 455 μὲν
972 401 1041 445 ἐπὶ
1075 402 1234 457 ἐπαίνῳ
1270 409 1317 445 λε
1323 403 1526 460 (ομένη.
1569 437 1576 444 .
1597 438 1605 445 .
1637 405 1708 446 ὀτὲ
1741 406 1820 447 δὲ’
1805 405 1876 448 επὶ
1895 407 1948 461 ῲό
1957 424 2037 461 (ῳ.

348 463 541 516 Itemque
576 461 612 503 E
629 477 655 503 u
673 477 691 503 s
710 470 724 502 t
742 476 767 502 a
785 470 800 501 t
818 459 845 501 h
862 467 874 502 i
891 475 918 501 u
935 475 954 501 s
986 466 1110 502 vocis
1141 466 1229 502 vim
1261 471 1380 503 recte
1413 467 1688 535 perspexisse
1721 462 1822 504 mihi
1853 463 2040 510 videtur.

346 538 441 563 cum
474 521 575 562 dicit
607 520 663 562 ad
695 518 729 560 Β
767 519 861 564 190,
893 534 935 572 p
955 519 1062 560 201:
1082 520 1147 562 ἀεὶ
1165 522 1299 563 τοίνυν
1323 522 1439 577 παρὰ
1457 526 1517 576 τῷ
1535 526 1689 578 ποιητῇ
1707 523 2027 579 ἐπαμφοτερίζε
2032 540 2044 564 ι

346 582 392 623 τὸ
427 583 655 634 δαιμόνιος
691 579 915 634 ἀναλόγως
950 582 1041 629 τοῖς
1074 580 1370 634 ὑποκειμένοις
1404 581 1666 635 προσώποις·
1693 583 1798 624 ποτὲ
1814 583 1888 637 μὲν
1905 584 2039 632 οὕτως

346 642 449 682 ποτὲ
481 641 525 681 ’ὸὲ
560 640 639 680 ff.»
646 656 702 682 co:
737 640 1074 694 λαμβανόμενον.
1094 636 1122 690 ²)

401 683 762 749 Ancipitem
794 706 1066 750 apparet
1099 712 1236 739 esse
1270 703 1386 738 vim
1420 703 1580 739 vocis
1612 713 1654 750 q
1666 713 1703 739 e
1739 701 2040 754 δαιμόνιος

344 771 497 809 quae
544 755 705 808 apud
754 753 1086 797 Homerum
1134 762 1436 799 universe
1492 756 1837 810 significat
1899 773 2039 804 eum

344 821 443 867 qui
476 821 738 860 incerta
772 814 1061 860 obscura,
1095 814 1375 857 mirabili
1410 821 1469 857 vi
1511 814 1838 869 ducatui-st)

402 871 522 919 Quid
569 880 737 916 intersit
783 880 894 916 inter
942 873 1160 916 adiectiva
1203 889 1280 928 q.s.
1330 877 1537 930 δαιμόνιος
1585 884 1627 916 et
1674 879 1811 926 θεῖος,
1857 891 1908 918 ex
1940 882 2042 930 ipsis

341 932 581 978 vocabulis,
615 939 648 975 si
680 939 793 975 inter
825 949 870 975 se
902 933 1149 980 contuleris.
1183 934 1361 987 planum
1394 933 1452 975 fit.

397 990 665 1045 Significatio
683 998 805 1035 vocis
822 1008 906 1046 q.e.
937 997 1057 1044 θεῖος
1079 992 1109 1046 ⁴)
1143 1008 1378 1047 numquam
1411 1002 1477 1035 est
1508 999 1673 1035 incerta
1707 994 1778 1036 vel
1810 993 2039 1048 ambigua:

340 1052 456 1104 apud
505 1050 549 1093 H
568 1067 595 1094 o
614 1068 654 1093 m
672 1067 695 1094 e
713 1068 733 1093 r
750 1067 777 1093 u
794 1068 835 1093 m
882 1051 1096 1106 significat
1128 1068 1362 1105 personam
1394 1062 1557 1095 certam
1605 1051 1757 1095 divino
1805 1052 2041 1106 splendore

340 1116 601 1153 eminentem
633 1120 709 1154 aut
740 1126 831 1154 rem
864 1111 1085 1165 quandam
1117 1117 1210 1154 sive
1241 1127 1268 1153 a
1300 1111 1379 1154 diis
1411 1121 1554 1154 ortam
1586 1118 1679 1154 sive
1712 1112 1862 1155 divina
1885 1122 2041 1155 natura

340 1169 581 1221 praeditam
601 1186 610 1215 ;
644 1185 814 1224 semper
846 1177 888 1212 in
922 1180 1112 1213 mentem
1144 1180 1277 1214 vocat
1310 1170 1674 1225 magnificentiam
1706 1171 1834 1217 illam,
1868 1187 1954 1225 qua
1982 1171 2040 1213 dii

338 1228 523 1282 praediti
540 1228 864 1283 fingebantur⁵);
879 1245 967 1272 vox
985 1245 1067 1283 q.e.
1084 1235 1206 1281 θεῖος
1224 1245 1460 1283 numquam
1479 1240 1556 1276 est.
1569 1240 1615 1272 ut
1632 1245 1727 1272 cum
1748 1229 2000 1272 Eustathi
2013 1246 2041 1272 ο

393 1386 420 1434 1)
450 1385 562 1429 Quid
590 1388 778 1436 δαιμόνιος
806 1386 1011 1437 significet,
1042 1394 1147 1426 recte
1173 1386 1346 1436 explicat
1373 1386 1411 1424 Α
1431 1401 1467 1425 m
1485 1387 1627 1425 eis-H
1645 1401 1705 1425 en
1723 1395 1807 1426 tze
1837 1388 1888 1427 ad
1904 1388 2037 1434 544&

337 1438 417 1477 vid.
448 1453 568 1488 supra
596 1454 634 1488 p.
665 1441 788 1483 169.1.

392 1493 419 1541 2)
450 1492 571 1531 Thes.
599 1492 641 1531 L.
672 1493 741 1532 Gr.
773 1493 816 1535 ΙΙ,
847 1507 881 1533 c.
912 1494 1014 1532 829:
1048 1493 1239 1543 „Alioqui
1269 1500 1374 1532 certe
1401 1496 1589 1543 δαιμόνιος
1617 1499 1778 1543 proprie
1793 1493 1859 1533 vel
1873 1493 2039 1533 Beatum

336 1550 395 1583 i.e.
438 1548 638 1596 εύδκίμονοι
682 1547 748 1585 vel
791 1546 986 1586 Miserum
1024 1553 1083 1586 i.e.
1129 1547 1361 1597 δυτδοιὶμονοι
1396 1546 1524 1596 signif.
1565 1547 1676 1596 quod
1704 1549 1851 1596 δαίμων
1881 1552 1929 1586 sit
1955 1561 2040 1586 vox

336 1598 502 1637 media.”

389 1653 418 1698 ³)
449 1652 628 1691 Huiusce
653 1658 767 1692 vocis
795 1659 1001 1692 notionem
1032 1654 1082 1692 ad
1111 1659 1422 1703 antiquissimam
1447 1656 1691 1704 religionem.
1718 1659 1785 1703 qui
1813 1659 2041 1693 animismus

336 1706 488 1748 dicitur,
513 1705 758 1745 referendam
787 1721 874 1746 esse
904 1707 1073 1746 fortasse
1103 1708 1243 1746 dixerit
1268 1712 1473 1756 quispiam.

390 1758 532 1798 Utrum
576 1760 765 1799 vocabuli
793 1763 980 1809 δαιμόνιος
1003 1774 1097 1799 usus
1125 1761 1177 1799 ad
1203 1761 1306 1799 hanc
1334 1766 1566 1810 opinionem
1596 1768 1749 1810 spectet
1775 1774 1912 1803 necne.
1940 1759 2039 1799 diffi-

336 1812 467 1851 -cilius
480 1813 728 1852 diiudicatur.
745 1813 969 1853 Animismo
984 1820 1169 1853 universa
1184 1814 1379 1853 habentur
1392 1820 1576 1857 animata,
1607 1814 1715 1864 apud
1743 1814 1783 1852 H
1798 1827 1825 1852 o
1840 1828 1877 1852 m
1895 1828 1916 1852 e
1934 1828 1951 1852 r
1967 1828 2038 1853 um

335 1880 433 1905 vero
477 1866 552 1905 soli
581 1866 761 1906 homines
795 1870 974 1917 δαιμόνιοι
1003 1867 1264 1917 appellantur,
1294 1881 1423 1917 neque
1448 1882 1634 1917 umquam
1663 1867 1712 1906 de
1741 1867 1858 1906 rebus
1885 1867 2037 1909 dicitur,

336 1933 418 1958 uno
446 1919 541 1959 loco
570 1929 753 1970 excepto.

389 1972 622 2012 Praesertim
664 1980 704 2013 in
748 1974 809 2013 his
848 1974 966 2013 rebus
1007 1980 1174 2013 maxime
1218 1979 1377 2013 incertis
1417 1979 1605 2013 cautione
1647 1987 1750 2023 opus
1790 1981 1860 2012 est.
1910 1973 2038 2012 Poeta

335 2025 503 2065 fortasse
533 2041 554 2066 e
583 2027 717 2077 linqua
745 2027 899 2077 vulgari
925 2034 1092 2077 sumpsit
1115 2028 1428 2077 appellationem
1456 2027 1575 2070 illam,
1605 2033 1716 2066 cuius
1731 2032 1893 2076 propria
1916 2032 2037 2077 siqni-

335 2079 486 2118 -ficatio
511 2085 586 2119 iam
617 2081 684 2119 diu
713 2089 796 2120 erat
824 2081 1045 2120 obliterata.

388 2132 451 2171 Cf.
470 2133 770 2185 DeVVisser,
802 2135 866 2173 o.1.
885 2149 922 2184 p.
940 2136 1076 2184 3sqq.,
1105 2140 1171 2184 qui
1198 2142 1331 2173 tamen
1363 2139 1557 2173 animismi
1586 2139 1667 2172 vim
1693 2139 1732 2172 in
1747 2139 1872 2172 maius
1885 2133 2035 2172 extulit.

395 2186 605 2236 Krejci,
636 2187 701 2226 ο.1.
732 2203 769 2237 p.
805 2189 888 2227 174.
921 2188 1149 2230 Michel,
1181 2187 1246 2227 ο.1.
1279 2202 1318 2237 p.
1354 2188 1426 2227 194
1455 2201 1512 2237 sq.
1544 2186 1784 2236 Gruppe.
1815 2186 1882 2226 ο.1.
1914 2186 1957 2229 11,
1993 2201 2032 2236 p.

339 2240 459 2278 1063:
502 2241 612 2283 „Der
655 2240 866 2284 Grieche'',
907 2247 1044 2291 inquit,
1091 2247 1165 2284 ..ist
1194 2241 1407 2292 eiqentlich
1437 2255 1486 2280 zu
1514 2241 1650 2279 keiner
1675 2240 1768 2279 Zeit
1789 2240 2035 2289 vollstandiq

335 2293 430 2330 iiber
458 2294 521 2332 die
551 2294 826 2345 Anschauunq
856 2295 927 2333 des
956 2295 1062 2334 alten
1091 2294 1504 2345 Damonenglaubens
1532 2294 1926 2344 hinausqekommen,
1943 2293 2037 2332 dass

334 2345 397 2384 die
425 2345 611 2386 Gottheit
639 2353 702 2386 ein
731 2348 914 2387 Fluidum
944 2354 1011 2390 sei.
1042 2349 1114 2387 das
1135 2354 1198 2387 ein
1226 2348 1466 2387 natiirliches
1495 2346 1647 2394 Objekt
1672 2347 1940 2397 durchdrinqt,
1959 2352 2036 2385 wie

333 2398 396 2436 die
426 2399 539 2439 Seele
569 2402 646 2439 den
675 2402 957 2440 animalischen
986 2401 1180 2451 Korper.''
1206 2401 1302 2440 Vid.
1331 2415 1450 2449 supra
1465 2415 1502 2449 p.
1528 2401 1650 2443 170.1.
1667 2400 1877 2439 Praeterea
1893 2399 1941 2439 cf.
1958 2399 2033 2438 Fr.

334 2451 534 2554 P{)u}{sbe
550 2469 586 2496 n.
618 2454 848 2505 Einleitunq
877 2461 916 2493 in
945 2455 1009 2493 die
1038 2455 1333 2504 Philosophie¹¹
1367 2454 1513 2506 [1904]
1544 2468 1581 2503 p.
1614 2454 1701 2492 292.
1724 2453 1855 2503 Supra
1871 2468 1909 2503 p.
1927 2453 2032 2495 352.

540 2508 702 2557 elinq
730 2508 794 2547 ol.
823 2514 898 2546 i..v
929 2513 1045 2549 θεῖος.

387 2557 427 2596 Ν
448 2564 526 2598 itz
542 2561 644 2603 sch.
677 2561 741 2600 ο.1.
772 2561 797 2604 Ι,
825 2576 862 2611 p
878 2563 950 2600 89:
997 2574 1056 2604 ,35
1045 2568 1110 2603 ῖος
1136 2561 1208 2600 das
1222 2561 1428 2600 Gottliche
1444 2560 1502 2599 als
1518 2561 1582 2599 die
1599 2560 1748 2599 hohere
1764 2559 2035 2599 Trefflichkeit

332 2616 439 2650 einer
464 2613 559 2651 iiber
588 2614 659 2652 das
688 2620 867 2663 qemeine
897 2615 1162 2654 menschliche
1177 2615 1293 2653 Mass
1307 2615 1507 2683 beqabten
1522 2613 1694 2653 Natur''
1717 2613 1852 2664 [supra
1867 2628 1905 2662 p.
1929 2612 2031 2663 167].

386 2663 657 2709 Schmidt,
682 2667 751 2706 Gr.
783 2667 938 2717 Synon.
967 2668 1039 2711 IV
1070 2683 1108 2717 p.
1140 2668 1161 2707 5
1192 2682 1248 2717 sq.

386 2720 413 2764 ὁ)
443 2717 481 2756 Α
510 2726 632 2768 poe'ta
662 2720 763 2758 Ares
792 2729 830 2759 et
847 2721 1033 2759 Athena
1024 2736 1063 2759 m
1079 2721 1247 2760 Achillis
1262 2729 1378 2760 scuto
1395 2726 1452 2759 sic
1469 2720 1738 2771 depinguntur
1756 2719 1801 2771 [Σ
1820 2719 1896 2758 516
1910 2718 2029 2768 sqq.]:

756 2788 857 2823 ιςρχε
888 2774 920 2811 δ
951 2777 1021 2824 &px
1048 2787 1135 2822 σφιν
1167 2776 1294 2824 Ἀριςς
1324 2778 1385 2811 καὶ
1416 2776 1581 2816 Παλλάς
1615 2772 1785 2822 ’Λθήνηκ

615 2829 724 2876 ἄμφω
754 2841 877 2876 xpum
862 2841 932 2869 ιω
965 2830 1125 2877 χρύσειοι
1155 2829 1194 2864 δέ
1225 2831 1362 2877 εἵματα
1392 2830 1529 2876 ἕσθην,
