2159 3288
1096 115 1180 156 238

349 244 515 298 pagani
560 242 668 288 licet,
715 252 899 297 peccato
947 258 972 284 a
1017 257 1127 285 vero
1177 241 1292 289 Deo,
1341 258 1485 286 rerum
1521 250 1713 286 omnium
1757 242 1988 291 Creatore,

292 303 539 346 abalienati.
573 308 676 343 vani
710 302 810 344 facti
843 307 928 344 sint
959 308 1002 343 in
1034 301 1443 344 ratiocinationibus
1475 308 1573 347 suis,
1592 302 1620 355 1)
1642 302 1686 344 id
1722 312 1868 345 tamen
1884 319 1990 358 age-

292 361 432 407 -bant.
466 370 512 403 ut
542 369 803 412 quaererent
838 359 1090 405 Dominum,
1124 366 1158 402 si
1190 359 1305 402 forte
1337 360 1562 414 palpando
1580 376 1677 403 eum
1694 361 1991 416 invenirent.²)

1070 434 1092 458 >k
1181 433 1203 458 >k

1126 465 1148 489 *

351 517 450 560 Hac
482 518 777 571 disputatione
809 516 865 559 ad
898 523 1056 559 exitum
1087 517 1299 571 perducta
1330 524 1373 560 in
1405 524 1529 560 vocis
1561 533 1644 572 q.e.
1677 521 1840 574 δαίμων
1859 526 1990 574 signi—

292 576 559 619 -ficationem
587 585 719 629 atque
752 591 874 618 usum
907 582 1010 618 satis
1042 582 1293 630 inquisitum
1317 592 1411 620 esse
1429 586 1551 631 puto.
1569 575 1706 620 Cuius
1722 585 1991 632 quaestionis

291 645 451 678 eventa
478 642 510 677 si
543 641 787 677 summatim
805 644 1008 688 repetere
1025 634 1136 681 licet,
1152 635 1261 678 haec
1278 635 1381 678 mihi
1397 635 1602 679 videntur
1620 637 1853 680 statuenda
1869 652 1986 680 esse:

350 693 587 736 Vocabula
620 709 696 747 q.s.
731 696 892 750 δαίμων
927 703 970 736 et
1002 697 1102 745 θεός
1137 694 1256 748 apud
1290 693 1334 736 H
1354 710 1622 738 omerum
1654 701 1698 738 in
1723 706 1844 739 recta
1862 712 1990 750 prae—

290 759 453 795 -sertim
472 759 674 795 oratione
693 752 812 795 nullo
831 752 1076 796 discrimine
1096 760 1295 808 usurpari
1312 753 1370 796 ad
1387 754 1719 809 significandum
1737 761 1989 798 universum

291 827 449 854 numen
481 811 689 854 divinum.
725 810 922 858 poetam.
957 818 1030 865 qui
1062 812 1171 855 deos
1203 822 1325 855 certo
1358 820 1533 856 nomine
1565 829 1820 868 nuncupare
1836 814 1989 861 soleat,

290 878 428 924 ipsum
471 880 722 913 narrantem
766 871 999 924 aliquoties
1031 881 1263 925 utramque
1294 887 1451 915 vocem
1484 879 1730 926 promiscue
1761 872 1988 920 adhibere.

289 936 380 971 sive
427 930 659 984 analogiae
703 936 917 972 rationem
962 940 1169 975 secutum,
1213 937 1305 973 sive
1357 938 1481 974 metri
1513 932 1632 987 leges
1662 932 1988 976 observantem.

349 988 505 1031 Multis
535 988 641 1032 locis
676 1014 725 1024 —
760 996 994 1044 praecipue
1024 996 1069 1032 in
1101 988 1310 1043 Odyssea
1343 1014 1398 1019 ——
1430 997 1553 1034 vocis
1585 1006 1668 1045 q.e.
1686 994 1848 1048 δαίμων
1866 1007 1989 1035 usum

290 1063 313 1089 e
346 1057 487 1090 metro
519 1048 713 1102 pendere
745 1055 839 1091 veri
870 1049 1127 1092 simillimum
1160 1064 1267 1092 esse.
1436 1104 1437 1108 Ἰ

346 1105 525 1161 Aliquid
556 1107 812 1150 discriminis
843 1117 990 1150 tamen
1020 1114 1134 1151 inter
1166 1118 1395 1162 utramque
1427 1124 1584 1152 vocem
1617 1115 1747 1152 statui
1781 1125 1911 1163 posse
1947 1109 1989 1152 id

288 1166 408 1218 quod
454 1173 638 1208 maxime
685 1166 877 1210 doceant
922 1166 1061 1210 verba
1108 1167 1308 1210 derivata
1355 1184 1433 1221 q.s.
1482 1170 1700 1224 δαιμόνιος
1751 1177 1794 1210 et
1840 1173 1987 1220 θεῖοςε

288 1240 400 1267 voce
432 1240 516 1278 q.e.
550 1229 711 1282 δαίμων
745 1226 975 1280 significari
1007 1233 1241 1281 praecipue
1274 1233 1362 1268 vim
1390 1226 1598 1274 divinam,
1617 1236 1737 1269 certa
1753 1237 1795 1270 et
1812 1226 1990 1270 definita

289 1284 429 1326 forma
471 1294 705 1330 carentem,
752 1291 854 1327 voci
888 1301 971 1339 q.e.
1004 1288 1106 1336 θεός
1139 1291 1276 1340 magis
1307 1292 1448 1328 inesse
1480 1292 1737 1329 sententiam
1773 1301 1990 1340 personae

287 1343 463 1385 divinae
495 1343 686 1386 humana
718 1350 862 1397 specie
895 1344 1087 1386 indutae.

341 1401 471 1444 Voce
517 1418 601 1455 q.e.
650 1405 814 1458 δαίμων
861 1409 1097 1456 praecipue
1144 1402 1377 1457 significari
1418 1409 1628 1446 incertam
1670 1410 1758 1446 vim
1791 1404 1986 1447 divinam

287 1477 339 1503 ex
371 1476 425 1503 eo
457 1476 634 1514 quoque
657 1446 833 1516 planum
851 1461 954 1508 fieri
971 1461 1091 1516 quod
1109 1469 1232 1505 vocis
1249 1478 1453 1505 numerus
1470 1463 1699 1517 singularis
1718 1470 1761 1506 in
1779 1461 1989 1517 Odyssea

286 1520 402 1562 solus
432 1526 694 1567 inveniatur,
728 1527 771 1563 in
805 1521 938 1564 Iliade
971 1531 1090 1564 certe
1123 1521 1396 1575 praevaleat

347 1578 487 1621 Porro
519 1586 551 1622 si
586 1587 680 1634 quis
723 1587 970 1634 investiget
1005 1580 1109 1635 quid
1141 1580 1300 1624 doceat
1331 1587 1569 1624 carminum
1612 1590 1769 1623 natura
1812 1560 1868 1624 ad
1900 1591 1988 1624 sta—

287 1638 512 1680 -tuendam
561 1646 650 1681 vim
697 1646 820 1682 vocis
867 1655 949 1694 qe.
999 1643 1175 1696 δαίμ(ι.)ν
1223 1655 1438 1695 apparere
1486 1647 1529 1682 in
1580 1640 1762 1683 deorum
1810 1656 1988 1695 quoque

286 1697 579 1751 appellatione
612 1698 871 1741 artificiosae
903 1706 1142 1742 carminum
1176 1710 1359 1742 naturae
1377 1705 1592 1742 rationem
1611 1715 1704 1742 esse
1722 1699 1986 1747 habendam,

286 1756 610 1810 verborumque
654 1764 991 1801 concinnitatem
1033 1768 1165 1812 atque
1207 1758 1533 1802 conclusionem
1566 1758 1683 1801 haud
1716 1765 1859 1814 exigui
1892 1775 1987 1802 esse

287 1823 508 1858 momenti.

343 1873 417 1916 Ad
445 1875 804 1918 internoscendas
836 1883 981 1918 varias
998 1883 1236 1919 carminum
1254 1886 1421 1919 aetates
1438 1892 1561 1920 usum
1578 1883 1702 1920 vocis
1719 1894 1760 1931 q.
1766 1893 1803 1920 e.
1822 1880 1985 1933 ’δαίμων

286 1949 374 1975 non
408 1935 562 1977 multas
593 1951 722 1977 ansas
754 1934 874 1978 dare
908 1935 1070 1989 Neque
1098 1952 1148 1978 ex
1180 1936 1299 1983 locis,
1333 1936 1489 1990 quibus
1522 1938 1681 1994 δαίμων
1710 1946 1754 1978 et
1770 1940 1879 1988 θεός
1895 1952 1986 1979 non

284 1992 396 2035 idem
428 1993 683 2048 significent,
718 1994 771 2036 de
803 2001 934 2038 variis
960 1995 1182 2050 religionis
1199 1996 1418 2038 aetatibus
1435 2002 1666 2049 quicquam
1681 2002 1837 2038 certius
1853 2011 1985 2050 posse

286 2051 408 2093 effici.

345 2109 521 2153 Etiamsi
567 2121 739 2154 constet
782 2119 959 2166 poetam
1007 2123 1127 2156 certa
1174 2123 1318 2156 mente
1366 2128 1418 2156 ac
1465 2114 1646 2156 consilio
1693 2129 1719 2156 a
1759 2120 1911 2168 priscis
1943 2123 1985 2156 et

285 2169 537 2223 vulgaribus
570 2171 853 2225 religionibus
886 2188 931 2214 se
964 2172 1208 2219 abduxisse,
1243 2172 1462 2215 nonnullis
1494 2182 1642 2215 tamen
1684 2172 1789 2215 locis
1822 2188 1873 2215 ex
1904 2189 1985 2216 usu

285 2236 406 2271 vocis
450 2245 532 2283 q.e.
585 2233 748 2286 δαίμων
799 2231 891 2273 elici
939 2247 1069 2285 posse
1109 2242 1382 2286 argumenta,
1417 2248 1530 2285 quae
1563 2239 1731 2286 priscae
1764 2239 1985 2286 opinionis

285 2287 535 2330 oblitterata
568 2289 804 2332 ostendant
836 2297 1036 2345 vestigia.

344 2346 545 2401 Denique
578 2348 634 2390 ad
667 2349 945 2392 enodandam
979 2350 1156 2393 huiusce
1203 2357 1326 2393 vocis
1372 2356 1585 2405 originem
1634 2366 1787 2404 parum
1832 2350 1983 2394 valere

285 2412 375 2448 eius
407 2413 448 2447 in
481 2408 742 2450 carminibus
775 2416 906 2463 epicis
939 2409 1300 2464 significationem
1333 2419 1466 2463 atque
1499 2425 1634 2452 usum.

336 2747 519 2829 1)Epist.
551 2780 602 2818 ad
633 2781 746 2819 Rom.
778 2782 803 2824 Ι
836 2783 895 2821 21.
928 2783 1078 2831 ²)Act.
1111 2783 1420 2833 Apost.XV11.
1453 2785 1514 2822 27
1548 2782 1611 2822 Cf.
1631 2783 1683 2822 H.
1714 2783 1979 2826 Bavinck.

281 2832 611 2872 Gereformeerde
642 2833 885 2884 Dogmatiek
914 2836 962 2873 Il2
991 2836 1141 2886 [1908],
1172 2851 1210 2885 p.
1242 2837 1291 2875 29
1318 2850 1402 2885 sqq.
