2159 3288
31 1988 86 2023 De
107 1993 223 2032 poeta.

916 526 1194 570 CAPUT
1236 528 1327 571 VI.

334 658 466 707 Quid
508 657 670 700 valeat
702 657 765 699 ad
795 656 1103 700 statuendam
1134 660 1269 700 vocis
1303 659 1499 714 δαίμονος
1531 661 1627 700 vim
1659 663 1918 702 carminum

1034 722 1222 760 natura.

334 858 698 911 Investigavimus
730 863 772 899 in
805 857 1076 911 exploranda
1108 864 1230 900 vocis
1264 860 1465 914 δαίμονος
1507 859 1839 912 significatione,
1874 860 1977 913 quid

273 917 483 960 docerent
514 915 652 959 verba
684 923 997 971 cognominata
1029 916 1100 959 vel
1118 917 1231 959 idem
1250 916 1537 971 significantia
1554 918 1606 964 [c.
1628 917 1697 971 II],
1720 918 1977 973 quibuscum

274 976 419 1018 verbis
451 981 791 1030 coniungeretur
823 978 981 1033 δαίμων
1016 975 1068 1029 [c.
1098 975 1191 1029 III],
1214 992 1327 1030 quae
1345 983 1563 1019 sententia
1579 983 1741 1020 inesset
1757 977 1977 1021 adiectivo

274 1051 356 1089 q.e.
407 1038 621 1091 δαιμόνιος
671 1033 723 1088 [c.
760 1034 860 1089 IV],
910 1044 1127 1088 quatenus
1170 1051 1307 1089 porro
1356 1051 1379 1078 e
1425 1045 1564 1079 metro
1609 1036 1824 1090 penderet
1856 1043 1979 1079 vocis

274 1110 374 1137 usus
409 1093 461 1147 [c.
495 1093 574 1147 V].
608 1092 830 1148 Apparuit
860 1094 1081 1137 vocabula
1113 1110 1191 1148 q.s.
1225 1097 1388 1150 δαίμων
1422 1104 1466 1137 et
1501 1096 1598 1146 θεός
1618 1095 1736 1150 apud
1772 1095 1979 1138 Home-

275 1169 417 1195 -rum
466 1152 658 1207 plurimis
704 1152 810 1196 locis
855 1152 968 1195 idem
1015 1153 1179 1200 valere,
1226 1155 1319 1196 aliis
1365 1169 1476 1197 vero
1522 1170 1613 1197 non
1655 1171 1834 1209 prorsus
1866 1155 1979 1197 idem

275 1211 531 1266 significare,
580 1212 799 1255 nonnullis
842 1219 966 1255 vocis
1013 1215 1209 1269 δχίμονος
1253 1228 1377 1255 usum
1420 1228 1443 1255 e
1485 1222 1625 1256 metro
1656 1214 1851 1268 pendere
1884 1221 1979 1257 veri

275 1271 531 1314 simillimum
566 1286 674 1314 esse.

336 1329 496 1373 Utrum
515 1345 627 1384 quae
645 1337 698 1373 sit
715 1336 827 1373 inter
841 1333 1022 1386 δαίμονα.
1034 1340 1077 1372 et
1094 1332 1196 1373 θεόν
1210 1329 1504 1384 discrepantia
1517 1345 1540 1373 e
1551 1337 1683 1374 variis
1695 1331 1980 1386 religionibus

275 1396 413 1443 possit
443 1389 661 1432 enucleari
694 1404 844 1435 necne,
877 1389 994 1432 unde
1026 1395 1178 1432 variae
1210 1389 1433 1444 religionis
1464 1398 1633 1433 aetates
1658 1397 1701 1433 in
1718 1390 1981 1434 carminibus

275 1455 407 1503 epicis
438 1454 805 1494 internoscantur,
840 1464 1000 1503 magna
1030 1458 1094 1491 est
1127 1455 1341 1502 quaestio,
1375 1464 1488 1502 quae
1519 1464 1616 1492 cum
1649 1456 1855 1493 universa
1887 1465 1981 1492 car-

275 1514 458 1550 -minum
492 1517 649 1550 natura
681 1507 870 1561 quadam
904 1523 956 1550 ex
988 1517 1114 1561 parte
1146 1507 1387 1551 cohaerere
1419 1507 1605 1551 videtur.

333 1565 476 1609 Etiam
524 1566 636 1609 hanc
683 1573 921 1609 carminum
969 1576 1169 1609 naturam
1202 1567 1259 1609 ad
1292 1567 1594 1621 explicandam
1626 1575 1749 1611 vocis
1782 1570 1977 1624 δαίμονος

225 1654 228 1657 ψ
274 1632 363 1669 vim
396 1641 558 1679 magno
587 1641 681 1668 esse
714 1635 954 1672 momento.
988 1642 1079 1668 non
1109 1625 1235 1669 facile
1267 1626 1514 1680 negabitur.

336 1684 383 1727 In
431 1684 718 1727 examinanda
759 1692 906 1740 scripti
950 1685 1073 1728 verbi
1107 1691 1276 1739 origine
1308 1695 1538 1739 praeterea
1571 1691 1796 1738 scriptoris
1826 1692 1981 1729 mentis

275 1750 521 1798 ingeniique
554 1750 768 1787 rationem
802 1759 897 1787 esse
930 1744 1195 1791 habendam,
1229 1760 1362 1798 supra
1394 1744 1555 1788 dictum
1580 1753 1645 1787 est
1679 1742 1728 1797 [c.
1764 1744 1794 1792 Ι,
1826 1761 1869 1799 p.
1890 1744 1979 1798 50].

335 1802 590 1856 Priusquam
643 1810 686 1845 in
732 1810 970 1846 carminum
1018 1814 1219 1846 naturam
1265 1813 1308 1847 et
1340 1810 1509 1859 priscae
1541 1803 1763 1857 religionis
1794 1811 1982 1859 vestigia

276 1868 554 1916 inquiramus,
590 1862 800 1905 nonnulla
832 1863 887 1905 de
920 1869 1161 1906 carminum
1187 1872 1368 1906 auctore
1400 1863 1587 1906 dicenda
1619 1872 1732 1905 sunt.

336 1979 406 2022 De
439 1986 572 2034 poeta
604 1986 700 2033 ipso
727 1989 846 2022 certa
863 1980 1063 2034 proferre
1079 1996 1171 2023 non
1189 1996 1433 2035 possumus,
1458 1980 1557 2024 licet
1582 1987 1748 2035 antiqui
1766 1981 1980 2036 philologi

277 2048 321 2081 et
368 2045 632 2082 recentiores
680 2039 734 2082 de
780 2038 823 2081 H
843 2055 870 2082 o
889 2055 1007 2082 mer
1026 2055 1054 2082 o
1103 2040 1238 2082 multa
1269 2046 1481 2094 variaque
1514 2046 1776 2095 scripserint.
1797 2040 1824 2094 ¹)
1874 2038 1981 2087 Quo

335 2250 361 2295 ¹)
391 2248 801 2291 Westermann,
834 2253 1035 2299 Βιογραὶφοι
1068 2249 1396 2300 [Braunschweig
1432 2250 1560 2300 1845}
1591 2264 1658 2299 pp.
1691 2251 1828 2289 1—45.

334 2301 528 2351 Bergk,
560 2302 624 2340 o.l.
656 2302 682 2344 Ι,
713 2316 750 2351 p.
782 2303 860 2341 440
890 2316 974 2352 sqq.
1004 2303 1471 2346 v.Wilamowitz,
1502 2303 1554 2342 H.
1574 2303 1640 2346 U..
1670 2318 1736 2353 pp.
1756 2305 1859 2346 3282
1882 2304 1981 2347 275;

279 2355 356 2392 377
389 2368 471 2403 sqq.
531 2355 610 2398 Id„
654 2355 736 2394 Gr.
782 2355 856 2398 L.3,
899 2370 936 2405 p.
985 2357 1031 2394 10
1070 2370 1125 2405 sq.
1175 2356 1368 2399 Witte,
1400 2356 1446 2394 R.
1478 2356 1524 2395 E.
1557 2356 1663 2399 VIII,
1694 2371 1726 2395 c.
1761 2357 1863 2396 2188
1896 2371 1980 2407 sqq.

280 2413 302 2445 i
339 2421 380 2446 v
412 2407 623 2446 Homeros.
668 2408 898 2447 Christ-
910 2408 1150 2452 Schmid,
1194 2409 1258 2448 o..l
1291 2409 1334 2452 Ι6,
1365 2424 1405 2459 p.
1435 2410 1485 2448 36
1515 2423 1571 2459 sq.
1605 2409 1785 2453 Allen,
1815 2410 1982 2449 Homeri

280 2459 429 2509 Opera,
457 2461 498 2498 V
529 2461 696 2510 [Oxonii
726 2461 974 2512 MCMXII],
1005 2477 1042 2511 p.
1079 2463 1150 2501 184
1181 2476 1265 2512 sqq.

323 2513 522 2608 lBIetllge,
565 2514 736 2605 oil9.9pp.
773 2516 866 2557 131,
906 2516 993 2553 266.
1037 2515 1275 2559 Finsler,
1306 2515 1371 2555 o..l
1404 2515 1447 2558 1²,
1478 2530 1515 2565 p.
1547 2516 1596 2554 59
1626 2529 1710 2566 sqq.
1753 2516 1981 2560 Beloch,

281 2580 318 2605 0
515 2581 551 2615 p

281 2618 371 2711 5319Ξί
386 2627 521 2736 1315505
551 2620 599 2657 M
615 2634 636 2658 a
652 2634 674 2658 a
689 2634 706 2658 s
723 2634 751 2662 s,
797 2620 875 2658 Die
905 2621 1057 2660 Person
1087 2621 1261 2661 Homers
1294 2621 1364 2672 [N.
1394 2622 1550 2672 Jahrbb.
1570 2621 1733 2660 XXVII
1752 2623 1893 2671 (1911),
1914 2637 1980 2672 pp.

335 2725 387 2763 D
424 2724 497 2763 M·
487 2731 511 2763 u
525 2724 536 2763 l
548 2725 573 2763 d
588 2739 608 2764 e
622 2740 648 2767 r,
680 2740 716 2764 0.
723 2726 745 2764 1.
776 2741 812 2775 p.
844 2728 921 2765 352
951 2741 1007 2776 sq.
1041 2727 1053 2765 I
1069 2728 1119 2770 d..
1152 2727 1336 2770 „Bericht
1365 2728 1462 2767 iiber
1476 2728 1539 2767 die
1554 2728 1749 2767 Literatur
1765 2742 1814 2767 zu
1831 2728 1985 2767 Homer

286 2778 789 2828 1902—1911''[Bu1s.
846 2780 1017 2828 Iahresb.
1061 2781 1104 2819 Β.
1156 2781 1227 2819 157
1270 2782 1412 2831 (1911),
1454 2796 1521 2831 pp.
1564 2781 1803 2832 539—550].
1863 2781 1983 2821 Van

283 2831 314 2869 L
330 2845 350 2870 e
366 2845 386 2870 e
402 2846 427 2870 u
444 2845 483 2870 w
499 2845 519 2870 e
534 2845 571 2874 n,
614 2831 772 2870 Enchir.
808 2832 1046 2882 prolegom..
1077 2847 1114 2882 p.
1147 2833 1266 2871 XVII
1296 2847 1379 2883 sqq.
