2125 3288
940 112 966 152 3

101 243 285 292 experiri
316 243 389 290 qui
422 238 637 291 possunt?
668 237 846 288 Numen
865 238 1098 281 obscurum
1116 239 1232 285 illud.
1254 240 1373 293 quod
1390 240 1589 283 homines
1606 241 1799 287 horrent,

101 296 375 351 placandum.
409 302 513 349 quin
546 303 687 342 etiam.
722 304 755 339 si
787 297 878 339 fieri
911 305 1061 351 possit,
1095 299 1388 352 superandum
1421 314 1513 341 esse
1544 300 1729 343 videtur.

161 354 226 398 Ut
256 354 375 409 apud
407 354 607 397 Graecos
639 371 729 397 non
773 355 907 398 modo
952 364 1082 398 animi
1130 357 1435 412 aegritudines,
1470 373 1623 400 verum
1671 366 1800 402 etiam

100 420 300 468 corporis
350 413 570 456 molestias
617 429 644 455 a
675 414 934 467 quibusdam
965 416 1212 458 numinibus
1244 416 1392 458 inferri
1426 417 1618 470 vulgaris
1649 425 1800 471 opinio

101 482 208 519 erat.
242 482 289 515 ut
330 472 473 514 morbi
519 479 600 526 ipsi
649 480 826 515 numina
872 474 1151 517 habebantur
1169 475 1210 528 l).
1260 491 1372 528 quae
1420 475 1622 529 precibus
1669 488 1801 530 atque

100 537 433 574 incantamentis
493 532 787 585 similibusque
847 533 975 575 rebus
1023 541 1200 588 maqicis
1248 543 1393 576 essent
1439 535 1692 579 avertenda.
1742 542 1801 577 ita

101 589 307 636 Cholera.
339 590 530 632 humana
562 597 704 643 specie
738 601 781 633 et
813 591 954 633 forma
987 592 1186 638 conficta,
1221 609 1246 634 a
1285 592 1635 636 Massiliensibus
1682 609 1800 637 com-

104 650 265 692 -'busta
288 658 353 692 est
384 649 440 691 ad
471 650 763 703 pestilentiam
797 651 1096 693 avertendam.

159 707 202 750 Α
234 709 517 761 scriptoribus
549 707 733 751 Graecis
764 716 998 763 praecipue
1030 717 1285 764 posterioris
1317 717 1471 753 aetatis
1513 717 1690 753 numina
1731 711 1822 754 illa-

101 766 271 809 infensa
317 769 388 812 δαί
377 786 490 822 μονε
498 762 881 821 appellabantur
913 778 1045 821 atque
1079 775 1119 814 ii.
1154 776 1226 822 qui
1259 779 1403 811 mente
1451 776 1566 823 capti
1614 777 1801 812 insanie—

101 825 230 868 -bant
260 836 336 868 aut
368 806 525 868 morbo
558 827 705 879 aliquo
738 826 1002 869 laborabant
1048 830 1117 871 <32
1120 833 1284 882 μονῖυτῃ
1287 846 1324 878 ες
1376 837 1418 869 et
1467 831 1536 872 δα
1525 831 1657 883 ’μονῖ
1661 833 1712 884 ὀμ
1718 847 1801 873 svor.

100 885 452 927 nominabantur.
471 885 501 938 2)
551 884 587 926 Ε
631 886 772 927 multis
812 901 951 938 pauca
984 886 1091 928 haec
1125 886 1322 939 exempla
1355 872 1602 939 proferam:
1650 886 1799 929 Plut.

156 1075 790 1125 ¹)CommemoroProclum1n
810 1076 919 1114 Hes
938 1076 1801 1158 Opp.etD.102sq[5513’7'721913521517

100 1129 702 1180 lpf7alt3=t7ae11
708 1129 1783 1220 p2121-·‘·1xs7mlttarmgxthffctpzxw

101 1170 254 1231 -501755
283 1185 323 1220 δε
361 1185 1801 1232 x'5735t22512·5x3x70.7“:175735'71‘0177175751771550527

104 1238 135 1262 “’
122 1249 199 1285 λλερ
185 1249 214 1272 ει
244 1237 352 1285 δκὶμσ
357 1241 395 1272 ’λε’
444 1239 536 1272 51'517
580 1239 634 1272 cz·
640 1250 669 1272 17
741 1238 948 1315 &ptis-71⁵2
953 1244 1049 1277 ‚17723
1080 1254 1092 1272 e
1100 1250 1352 1285 515.p.5:=75e-3
1383 1251 1450 1277 573
1480 1251 1608 1278 »οπως
1638 1252 1704 1278 573
1735 1240 1799 1274 ὥτε

100 1303 170 1334 57·
190 1290 697 1338 Ιίἱμαρμέλνντεῑ-χς-μελκς
719 1303 864 1330 711573
903 1304 918 1325 7
956 1297 1002 1325 τῷ
1037 1288 1133 1326 5130:
1166 1297 1282 1338 κῆςχς
1311 1300 1606 1338 ὠικστειρεπες.
1636 1290 1800 1331 Plato,

100 1325 267 1380 phaedr.
312 1342 387 1380 244
434 1341 469 1380 E
507 1342 672 1380 morbos
714 1341 830 1380 refert
867 1356 946 1378 ,ται
952 1348 1037 1378 χιε-λ
1085 1347 1123 1379 ἐκ
1168 1357 1406 1392 umquam-7.
1458 1342 1553 1380 Vid.
1597 1355 1801 1392 praeterea

101 1395 406 1444 Hippocrat.
453 1395 502 1433 de
532 1396 674 1433 morbo
705 1394 874 1436 sacroI.
903 1409 969 1443 pp.
1001 1396 1104 1433 587-
1108 1396 1221 1433 -594,

153 1447 217 1486 Cf.
258 1447 480 1490 Michel.
524 1447 603 1487 o.l.
649 1462 715 1496 pp.
748 1448 834 1489 201.
874 1448 960 1486 206.
1004 1447 1139 1486 Curt
1184 1448 1560 1490 Wachsmuth.
1607 1448 1693 1486 Das
1723 1449 1801 1487 alte

100 1499 397 1539 Griechenland
425 1505 475 1538 im
507 1514 635 1538 neuen
668 1500 801 1550 [Bonn
836 1501 963 1550 1864]
996 1515 1032 1548 p.
1066 1502 1126 1541 58.
1172 1503 1233 1539 41.
1281 1500 1517 1550 Gruppe.
1561 1515 1597 1539 o.
1625 1502 1646 1539 l.
1690 1501 1732 1543 ΙΙ,
1762 1516 1798 1550 p.

101 1554 177 1592 892
218 1567 274 1603 sq.
318 1552 404 1592 Ed.
449 1553 646 1602 Meyer.
690 1553 932 1592 Geschichte
969 1554 1038 1592 des
1079 1554 1307 1595 Altertums.
1347 1554 1390 1595 1³³.
1429 1556 1459 1596 1.
1501 1554 1650 1604 [1910].
1681 1569 1718 1601 p.
1749 1556 1794 1592 91

99 1620 155 1656 sq.
184 1614 222 1645 et
250 1620 287 1656 p.
325 1607 407 1645 140.
450 1606 674 1648 Lfibker.
714 1606 978 1644 Reallexikon
1012 1607 1082 1644 des
1110 1607 1355 1645 klassischen
1382 1606 1617 1645 Altertums⁸
1650 1607 1798 1657 [1914].

99 1666 122 1698 i.
139 1673 175 1697 v.
190 1659 459 1709 Aberglaube.
476 1659 648 1698 Zauber.
678 1659 853 1701 Riesz,
888 1659 1336 1708 Pauly-Wissowa.
1370 1660 1798 1709 Realencyclopaedie.

99 1712 125 1754 Ι,
152 1713 228 1751 col.
247 1713 310 1754 36.
328 1717 393 1750 i.v.
413 1712 682 1762 Aberqlaube.
714 1712 748 1750 R
764 1726 790 1751 o
805 1726 822 1750 5
837 1726 857 1750 c
873 1713 895 1750 h
912 1727 932 1750 e
947 1728 973 1753 r.
1006 1712 1040 1750 R
1058 1726 1083 1750 o
1099 1727 1115 1750 s
1132 1727 1152 1750 c
1169 1714 1192 1750 h
1209 1727 1229 1750 e
1246 1727 1272 1752 r.
1300 1712 1602 1751 Ausfiihrliches
1619 1713 1801 1751 Lexikon

97 1766 168 1804 der
192 1766 464 1815 griechischen
494 1766 575 1804 und
605 1766 827 1804 romischen
858 1765 1131 1815 Mytholoqie.
1159 1766 1218 1807 ΙΙΙ,
1253 1768 1282 1807 1.
1315 1766 1390 1804 col.
1423 1767 1511 1807 457,
1543 1773 1564 1804 i.
1582 1781 1618 1804 v.
1651 1766 1798 1805 Nosoi.

100 1818 348 1861 Crusius.
390 1819 440 1857 ib.
475 1818 517 1861 ΙΙ.
554 1821 584 1860 l.
619 1819 694 1857 col.
731 1819 841 1859 1136,
872 1824 949 1856 i.v.
982 1818 1116 1856 Keres.

153 1873 180 1919 ²)
210 1870 274 1910 Cf.
320 1871 652 1921 Hippocrat.
696 1872 746 1910 de
775 1872 918 1910 morbo
948 1885 1063 1910 sacro
1094 1871 1120 1913 Ι,
1151 1887 1188 1920 p.
1218 1872 1294 1910 592
1324 1885 1381 1920 sq.

153 1924 195 1962 In
235 1924 507 1974 Cyranidibus
536 1934 575 1963 et
604 1931 643 1963 in
672 1931 837 1974 papyris
867 1931 1029 1974 magicis
1058 1925 1108 1962 de
1139 1925 1333 1963 eiusmodi
1363 1924 1625 1963 daemonibus
1654 1930 1800 1973 passim

98 1985 158 2016 est
201 1991 355 2019 sermo:
396 1977 459 2020 cf..
502 1978 565 2017 de
609 1978 762 2027 Mely
804 1987 842 2016 et
886 1977 1095 2019 Ruelle,
1142 1978 1217 2016 Les
1261 1978 1472 2026 lapidaires
1516 1991 1629 2026 qrecs
1674 1978 1801 2027 [Paris

104 2030 245 2081 1898];
275 2030 552 2080 Wessely.
585 2030 808 2069 Denkschr.
840 2031 876 2069 d.
906 2031 1060 2068 kaiserl.
1092 2031 1169 2068 Ak.
1200 2031 1235 2068 d.
1268 2031 1396 2068 Wiss.
1428 2045 1476 2069 zu
1494 2031 1633 2071 Wien.
1661 2030 1798 2079 philol.

100 2084 236 2122 histor.
266 2083 318 2122 kl.
350 2084 537 2122 XXXVI
570 2084 719 2134 [1888].
752 2085 785 2125 2.
813 2099 850 2132 p.
883 2085 930 2122 27
961 2098 1044 2132 sqq.
1076 2083 1123 2121 cf.
1168 2084 1341 2125 Wide.
1386 2097 1423 2121 o.
1446 2085 1467 2121 l.
1499 2098 1535 2132 p.
1570 2084 1656 2121 236.

153 2135 217 2175 Cf.
248 2136 283 2175 R
298 2138 430 2175 osch
445 2151 508 2179 er.
538 2138 587 2175 l.l.
621 2137 681 2175 W
697 2151 752 2175 as
767 2151 787 2175 e
803 2152 830 2177 r.
857 2136 954 2174 RE.
975 2137 1046 2177 IV.
1064 2137 1139 2175 col.
1161 2137 1274 2178 2010.
1293 2142 1357 2174 i.v.
1375 2136 1563 2178 Daimon.
1594 2137 1643 2174 de
1673 2136 1800 2174 verbo

97 2192 280 2239 δαιμονᾶν
309 2190 409 2229 haec
437 2189 607 2239 profert:
641 2204 750 2232 ..von
779 2196 905 2228 einem
936 2189 1112 2228 Daimon
1127 2191 1315 2228 besessen
1333 2195 1428 2231 sein.
1450 2195 1588 2228 womit
1613 2189 1696 2227 sich
1713 2195 1800 2227 eine

98 2242 361 2293 Vorstellunq
389 2244 581 2285 vei-band.
613 2244 676 2282 die
705 2244 767 2282 bei
798 2243 1266 2282 uberhandnehmendem
1296 2242 1581 2292 Aberqlauben
1601 2242 1664 2280 die
1682 2255 1800 2291 soge-

96 2303 292 2334 -nannten
323 2296 588 2335 Exorkismen
616 2303 666 2335 im
696 2295 871 2346 Gefolqe
900 2296 1046 2337 hatte.''
1096 2310 1179 2344 sqq.
1227 2296 1452 2337 Usener.
1495 2309 1531 2333 o.
1564 2295 1586 2333 l.
1617 2309 1655 2344 p.
1698 2296 1797 2333 294:

98 2347 396 2397 ..Epileptische
425 2348 579 2391 zufalle.
624 2356 897 2399 auszerunqen
926 2363 1009 2387 von
1038 2354 1350 2398 qeistesstorunq
1381 2349 1461 2386 und
1495 2348 1683 2386 tobsucht
1711 2349 1799 2386 sind

94 2403 248 2440 sichere
275 2403 492 2441 anzeichen
518 2402 644 2445 dafijr.
671 2403 766 2441 dasz
796 2408 858 2440 ein
874 2402 1021 2440 damon
1037 2404 1161 2440 besitz
1179 2416 1261 2440 von
1281 2404 1369 2440 dem
1388 2402 1602 2439 menschen
1617 2400 1800 2450 erqriffen

99 2454 167 2492 hat
185 2485 302 2493 .....
342 2460 477 2494 immer
516 2461 565 2494 ist
594 2470 636 2494 es
661 2462 724 2494 ein
754 2455 997 2494 besonderer
1024 2455 1184 2497 damon.
1215 2455 1284 2493 der
1311 2461 1351 2492 in
1379 2455 1469 2492 dem
1499 2454 1797 2503 epileptischen.

96 2507 188 2546 dem
232 2513 345 2550 irren.
388 2509 477 2546 dem
519 2509 801 2558 tobsiichtiqen
843 2514 951 2546 seine
992 2508 1198 2556 wohnunq
1241 2506 1550 2557 aufqeschlaqen
1595 2508 1662 2545 hat
1718 2507 1799 2545 und

97 2560 223 2599 durch
251 2561 315 2599 die
342 2562 466 2599 mittel
494 2562 714 2610 maqischer
742 2561 1035 2610 beschworunq
1056 2561 1231 2610 qebannt
1248 2562 1329 2598 und
1345 2561 1621 2610 ausqetrieben
1637 2560 1799 2598 werden

100 2614 247 2652 musz.''
279 2613 480 2656 Rohde.
506 2628 543 2653 0.
571 2615 593 2652 1.
624 2614 685 2652 11⁴.
716 2629 753 2662 p.
783 2615 894 2655 76,1:
928 2613 1045 2655 ..Den
1075 2613 1218 2652 Grund
1247 2615 1342 2652 aber
1369 2614 1440 2652 der
1468 2613 1688 2652 Krankheit
1703 2612 1799 2651 fand

99 2680 190 2705 man
217 2666 374 2705 allemal
403 2672 443 2705 in
471 2667 658 2705 directetn
687 2666 917 2716 Einqreifen
946 2672 1054 2704 eines
1082 2667 1263 2716 Rammff'
1309 2666 1797 2714 Schoemann-Lip-

101 2724 254 2761 -siuss
287 2733 325 2758 0.
355 2721 378 2758 l.
408 2720 450 2762 ΙΙ,
481 2734 548 2769 pp.
578 2721 655 2758 358
697 2728 736 2758 et
760 2721 831 2758 371
866 2734 922 2768 sq.
967 2719 1363 2761 Tambornino.
1408 2733 1446 2758 o.
1477 2719 1500 2757 l.
1543 2734 1608 2768 pp.
1641 2720 1702 2761 56.
1735 2719 1796 2759 70.

96 2773 202 2814 921.
247 2772 523 2815 Weicker.
562 2773 646 2811 Der
687 2771 954 2822 Seelenvoqel
995 2778 1034 2810 in
1074 2773 1143 2811 der
1185 2773 1292 2811 alten
1320 2773 1532 2811 Litteratur
1557 2772 1638 2810 und
1669 2771 1799 2809 Kunst

99 2825 282 2876 [Leipzig
312 2826 442 2876 1,902],
473 2841 511 2875 p.
537 2828 572 2864 4.
