2113 3271
694 466 1274 547 PROOEMIUM.

187 637 272 680 Vir
312 637 468 680 doctus
520 635 560 678 H
582 647 678 678 art
698 652 839 690 unq,
886 643 927 678 in
973 636 1247 689 praefatione
1293 636 1509 678 secundae
1551 643 1687 689 partis
1719 636 1827 681 libri,

128 703 202 750 qui
249 695 497 738 inscribitur
561 694 674 742 ..Die
724 694 925 748 Religion
980 695 1068 737 und
1118 694 1405 748 Mythologie
1454 695 1531 736 der
1579 694 1825 737 Griechen''

130 753 337 809 [Leipzi9,
357 753 632 808 Enqelmann
662 753 803 807 1865J,
824 755 932 796 haec
965 754 1054 796 fere
1089 769 1139 795 ex
1172 754 1449 806 ephemeride
1481 753 1626 807 aliqua
1658 764 1830 808 sumpta

127 824 302 856 narrat:
357 813 586 856 Massiliae
635 813 826 866 quodam
876 813 943 854 die
994 819 1171 865 triginta
1221 812 1331 854 duos
1379 812 1577 854 homines
1625 813 1828 855 cholerae

126 873 283 916 morbo
316 883 514 915 mortuos
546 887 651 914 esse.
681 871 828 914 Nocte
848 878 1045 923 proxima
1064 871 1215 913 urbem
1236 870 1409 924 ignibus
1427 872 1618 924 undique
1636 879 1828 914 accensis

124 938 292 986 insigne
324 931 578 986 praebuisse
611 930 929 983 spectaculum:
963 930 1301 971 innumerabiles
1330 936 1452 983 ignes
1478 945 1555 981 per
1572 937 1826 972 immensum

125 998 311 1044 spatium
344 990 598 1044 flagravisse
618 1006 626 1035 ;
661 1000 762 1031 ante
796 988 1116 1042 praefecturam
1139 1004 1163 1029 a
1183 988 1386 1041 vigilibus
1410 988 1586 1030 urbanis
1604 995 1825 1042 ingentem

125 1065 280 1104 rogum
329 1059 591 1092 exstructum
641 1058 683 1090 et
715 1048 1025 1090 inflammatum
1073 1063 1166 1089 esse
1201 1062 1341 1100 neque
1375 1047 1503 1089 ullam
1538 1063 1588 1089 ex
1621 1055 1827 1089 sescentis

126 1107 353 1151 Massiliae
383 1114 466 1150 viis
499 1107 672 1162 ignibus
705 1114 923 1151 caruisse:
973 1122 994 1148 e
1029 1106 1185 1159 quibus
1236 1122 1364 1147 unam
1409 1106 1478 1148 vel
1512 1112 1828 1160 quinquaqinta

124 1179 290 1221 septem
334 1167 508 1221 ignibus
556 1177 756 1209 ornatam
805 1165 949 1211 fuisse,
1001 1172 1161 1207 circum
1208 1181 1318 1217 quos
1366 1180 1527 1217 pueros
1572 1176 1613 1206 et
1661 1165 1826 1218 puellas

124 1227 380 1271 saltavisse:
428 1226 547 1279 quod
580 1225 693 1268 idem
727 1224 899 1267 Telone
935 1223 1105 1266 Martio
1139 1231 1181 1265 in
1214 1224 1322 1266 urbe
1352 1223 1512 1265 factum
1545 1239 1651 1266 esse.
1690 1223 1826 1266 Com-

122 1285 339 1339 -pluribus
370 1285 475 1327 locis
507 1283 759 1329 Choleram.
795 1284 1012 1326 horribilis
1045 1290 1195 1337 nigrae
1228 1299 1442 1336 personae
1458 1283 1598 1325 forma
1615 1283 1824 1328 indutam.

122 1343 398 1387 combustam
433 1359 540 1386 esse.
558 1344 587 1396 ¹)

174 1519 204 1567 1)
234 1517 298 1557 Cf.
313 1518 364 1556 ad
377 1517 487 1556 haec:
504 1517 542 1555 T
555 1517 642 1566 ylo
655 1532 681 1558 r,
714 1516 914 1554 primitive
931 1516 1095 1555 Culture
1114 1515 1314 1565 [Lond0n,
1329 1515 1428 1564 John
1444 1514 1614 1563 Murray
1634 1515 1762 1565 1873]
1779 1515 1822 1557 12,

119 1585 157 1620 p.
179 1572 275 1610 295:
305 1571 419 1612 ..The
435 1569 555 1609 belief
574 1570 795 1619 prevailinq
819 1569 990 1618 through
1021 1569 1086 1607 the
1118 1570 1243 1607 lower
1272 1568 1421 1606 culture
1450 1568 1534 1605 that
1560 1568 1625 1605 the
1650 1568 1825 1606 diseases

120 1624 252 1663 which
281 1638 359 1662 vex
386 1623 576 1662 mankind
606 1637 671 1661 are
693 1623 865 1672 brought
881 1623 935 1671 by
949 1622 1171 1660 individual
1186 1621 1371 1669 personal
1386 1626 1526 1669 spirits,
1544 1626 1576 1658 is
1594 1634 1671 1658 one
1689 1621 1820 1659 which

119 1677 190 1715 has
205 1677 411 1726 produced
429 1677 592 1726 striking
612 1676 814 1724 examples
833 1674 877 1714 of
899 1675 1047 1724 mythic
1076 1674 1383 1723 development.
1406 1705 1412 1710 .
1435 1705 1440 1710 .
1463 1705 1468 1710 .
1500 1673 1530 1711 It
1559 1679 1591 1711 is
1619 1674 1715 1712 with
1744 1674 1821 1711 this

118 1730 221 1779 deep
249 1730 319 1768 old
347 1730 614 1779 spiritualistic
643 1729 764 1767 belief
790 1729 939 1777 clearly
969 1734 1007 1765 in
1037 1734 1142 1765 view
1173 1728 1256 1765 that
1286 1727 1351 1764 the
1381 1726 1541 1775 qliastly
1569 1726 1667 1764 tales
1694 1741 1759 1765 are
1777 1735 1820 1765 to

118 1783 168 1822 be
185 1784 279 1822 read
295 1783 428 1822 where
445 1783 661 1832 pestilence
679 1783 759 1820 and
776 1782 895 1820 death
925 1795 1040 1820 corne
1073 1795 1126 1819 on
1159 1780 1258 1818 their
1282 1780 1423 1818 errand
1452 1785 1490 1817 in
1524 1780 1645 1817 weird
1675 1780 1819 1817 human

118 1836 253 1885 shape.
273 1836 341 1875 To
358 1837 423 1875 the
439 1837 546 1874 mind
565 1835 609 1874 of
624 1836 690 1873 the
708 1835 892 1875 Israelite.
912 1835 1031 1872 death
1058 1834 1137 1871 and
1163 1833 1378 1882 pestilence
1408 1833 1508 1870 took
1537 1833 1603 1870 the
1632 1833 1818 1879 personal

117 1888 216 1928 form
242 1889 287 1928 of
313 1889 381 1928 the
412 1889 646 1938 destroyinq
676 1888 792 1938 angel
820 1888 915 1926 who
944 1895 1072 1925 smote
1101 1887 1167 1925 the
1191 1886 1377 1925 doomed.
1398 1886 1436 1935 [2
1456 1885 1559 1924 Sam.
1578 1885 1734 1927 XXIV,
1760 1887 1815 1923 16.

117 1943 141 1980 2
171 1942 297 1992 Kinqs
325 1942 437 1983 XIX.
464 1942 571 1993 35].’'

170 1995 280 2034 Mic
295 1996 320 2034 h
334 1995 393 2038 el.
417 1995 497 2034 Les
523 1997 626 2034 bons
654 2002 692 2033 et
720 1994 776 2033 les
806 1999 985 2032 mauvais
1003 1998 1145 2042 esprits
1162 1992 1261 2030 dans
1280 1992 1336 2030 les
1352 2005 1573 2040 croyances
1587 1990 1818 2039 populaires

117 2048 167 2087 de
194 2048 416 2087 l'ancienne
433 2048 564 2088 Grece
582 2048 739 2098 [Revue
765 2047 986 2085 d'Histoire
999 2054 1036 2084 et
1065 2046 1115 2084 de
1145 2045 1378 2083 Litterature
1407 2044 1653 2093 Reliqieuses
1687 2043 1815 2094 1901].

116 2115 153 2150 p.
173 2102 260 2140 201:
279 2101 369 2145 ..De
382 2115 458 2141 nos
474 2107 582 2149 jours
599 2115 755 2142 encore.
773 2100 830 2138 les
847 2113 1024 2149 paysans
1041 2099 1090 2137 de
1106 2099 1142 2137 la
1160 2098 1290 2137 Grece
1306 2098 1495 2136 moderne
1518 2096 1672 2146 parlent
1701 2097 1750 2134 de
1779 2097 1817 2134 la

115 2160 238 2202 petite
266 2155 404 2194 verole
432 2168 587 2194 comme
615 2154 734 2192 d'une
763 2153 878 2192 dame
902 2158 1118 2201 puissante.
1138 2151 1248 2200 Kyra
1267 2151 1426 2200 Ulagia,
1442 2150 1536 2199 qu'il
1552 2149 1635 2188 faut
1653 2155 1814 2191 ecarter,

115 2221 216 2246 ceux
244 2207 294 2246 de
323 2208 361 2246 la
389 2207 533 2246 Russie
561 2208 742 2246 dressent
767 2207 837 2244 des
868 2206 995 2244 tables
1023 2205 1213 2254 charqees
1242 2204 1292 2242 de
1320 2211 1418 2242 mets
1446 2217 1549 2252 pour
1576 2202 1612 2241 le
1640 2202 1814 2244 cholera.

115 2260 216 2299 dans
258 2260 421 2308 l'espoit
465 2275 541 2310 que
582 2261 618 2299 le
663 2268 839 2298 monstre
893 2264 1059 2297 rassasie
1103 2271 1258 2296 cessera
1299 2257 1474 2306 d'exiger
1520 2256 1591 2294 des
1635 2260 1816 2294 victimes

115 2313 357 2356 humaines'’,
387 2328 472 2363 sqq.

168 2365 406 2416 Gruppe.
436 2366 695 2406 Griechische
724 2365 986 2414 Mytholoqie
1011 2364 1092 2402 und
1120 2361 1555 2412 Religionsqeschichte
1590 2360 1814 2411 [Miinchen

119 2419 230 2462 1906,
260 2419 405 2458 Iwan
427 2431 540 2458 von
569 2418 821 2458 Miiller's
851 2417 1082 2456 Handbuch
1112 2416 1165 2454 V.
1198 2417 1232 2458 2,
1264 2415 1316 2465 2],
1348 2414 1390 2457 II,
1419 2429 1484 2464 pp.
1503 2415 1591 2455 892.
1617 2414 1705 2455 897,
1722 2414 1811 2452 923.

115 2471 317 2514 Rohde.
363 2472 539 2522 Psyche⁴
570 2473 802 2523 [Tiibinqen
836 2471 965 2520 1907],
996 2470 1039 2511 ΙΙ,
1074 2484 1111 2518 p.
1146 2470 1206 2507 78.
1254 2468 1477 2509 Usener,
1521 2466 1812 2506 Gotternamen

116 2524 250 2574 [Bonn
269 2525 399 2576 1896].
429 2540 466 2574 p.
500 2526 587 2564 294.
617 2525 645 2564 S
659 2539 681 2564 c
695 2525 720 2563 h
735 2539 761 2563 o
775 2539 796 2563 e
811 2539 847 2562 m
862 2539 884 2562 a
898 2538 924 2562 n
938 2523 1033 2561 n-L
1047 2529 1058 2560 i
1072 2537 1098 2571 p
1114 2528 1195 2560 siu
1209 2535 1238 2562 s,
1267 2520 1526 2559 Griechische
1546 2519 1813 2558 Alterthiimer

116 2577 264 2627 [Berlin
315 2578 445 2628 1902]‚
489 2578 551 2620 114,
598 2593 635 2627 p.
677 2579 754 2616 374
797 2591 880 2626 sqq.
951 2576 1067 2614 Sam
1109 2574 1284 2616 wide,
1326 2573 1584 2612 Griechische
1625 2572 1812 2621 Religion

115 2629 172 2680 [G
185 2645 208 2670 e
220 2646 238 2670 r
251 2645 273 2670 c
286 2631 312 2670 k
327 2631 412 2670 e-N
429 2645 456 2670 o
469 2645 486 2669 r
499 2631 525 2669 d
540 2645 561 2669 e
574 2645 612 2673 n.
641 2630 871 2679 Einleitun9
896 2635 936 2667 in
952 2629 1016 2667 die
1031 2625 1530 2666 Altertumswissenschaft
1559 2625 1607 2663 ΙΙ2
1635 2625 1810 2673 (Leipzig

117 2683 261 2735 1912)].
292 2699 330 2734 p.
367 2685 450 2723 175.
511 2683 582 2722 W.
624 2683 867 2725 Fischer,
913 2681 1172 2731 Aberglaube
1201 2680 1296 2719 aller
1325 2680 1469 2718 Zeiten
1500 2678 1701 2729 [Strecker
1730 2677 1811 2715 und

112 2734 324 2780 Schroden
370 2737 596 2788 Stuttqart].
638 2736 681 2779 II,
719 2750 757 2785 p.
804 2736 872 2774 15:
916 2734 1025 2779 „Der
1066 2734 1352 2773 Damonismus
1380 2733 1522 2782 gehort
1551 2731 1620 2769 der
1648 2729 1809 2768 Kultur-

111 2790 359 2840 -9eschichte
387 2790 482 2829 aller
510 2789 666 2832 Zeiten,
696 2789 798 2828 auch
825 2789 894 2827 der
921 2793 1131 2837 unseriqen
1157 2787 1245 2829 an”,
1274 2799 1357 2835 sqq.

159 2868 204 2902 T.
230 2868 264 2903 d.
290 2868 334 2902 R.
1745 2861 1754 2892 1
