2159 3288
998 58 1078 100 159

243 190 396 244 Itaque
429 204 586 232 vocem
603 190 783 243 δαίμονα
798 194 841 229 vi
856 193 1032 241 passiva
1049 192 1340 239 metonymice
1357 193 1610 238 usurpatam
1628 183 1885 237 intelleqo.1)

250 305 382 353 Quae
428 312 482 348 sit
529 321 665 360 porro
715 311 895 359 propria
942 307 1141 360 δαίμονος
1189 313 1358 348 natura.
1405 311 1547 344 utrum
1580 300 1800 343 benevola
1831 316 1887 342 an

189 372 374 411 inimica.
423 380 584 418 magna
631 374 696 407 est
743 364 956 406 dissensio
1004 363 1074 417 [cf.
1116 378 1248 416 supra
1279 378 1353 415 pp.
1386 362 1442 403 38
1475 370 1519 403 et
1551 359 1640 414 48].
1673 358 1783 401 Sunt
1815 365 1887 412 qui

190 433 348 479 putent
379 425 563 482 δαίμονα
594 429 827 477 praecipue
860 438 1019 464 numen
1052 422 1292 476 significare
1324 426 1554 465 inimicum,
1593 418 1713 472 quod
1746 417 1888 460 multis

189 485 297 527 locis
344 485 508 538 δαίμων
559 483 673 524 mala
719 481 1003 524 machinetur.
1021 481 1050 533 ⁵³)
1100 479 1259 522 Utrum
1308 482 1468 535 δχίμων
1517 478 1639 520 bono
1684 493 1740 519 an
1772 477 1887 519 malo

189 541 349 585 afficiat
381 542 578 584 homines
609 541 666 583 ad
697 547 820 583 vocis
853 540 1212 594 significationem
1238 554 1326 581 non
1345 544 1489 592 maqni
1505 538 1667 579 referre
1684 536 1886 578 arbitror.

192 600 258 644 Ex
290 616 344 643 eo
376 600 496 654 quod
529 600 621 642 aliis
653 599 898 642 benevolus
931 608 973 641 et
1006 599 1171 640 faustus
1203 598 1327 640 adest
1359 600 1535 653 δχίμων,
1569 596 1761 638 infensus
1777 595 1888 637 alios

190 660 400 705 adoritur,
433 674 524 701 non
557 669 622 702 est
654 658 945 712 colligendum
977 660 1160 713 δαίμονα.
1186 672 1264 710 per
1297 672 1342 698 se
1375 666 1450 698 aut
1480 655 1888 698 benevolentiorem

190 728 265 761 aut
298 724 558 772 iniquiorem
593 733 687 760 esse
720 717 860 759 deum.

249 776 510 819 Cavendum
539 787 616 822 est,
651 792 704 818 ne
737 776 862 830 plura
895 791 917 817 e
950 790 1062 818 voce
1096 791 1136 827 q.
1156 790 1191 816 e.
1226 776 1385 830 δκίμων
1422 772 1656 815 efficiamus
1688 788 1817 825 quam
1843 786 1888 813 re

189 851 296 878 vera
327 835 550 879 vocabulo
582 841 724 877 insint.
768 833 833 876 Ex
877 850 930 876 eo
978 834 1097 887 quod
1145 836 1305 887 δαίμων
1339 832 1408 874 vel
1445 835 1540 882 θεὸς
1588 830 1700 873 mala
1747 829 1888 875 efficit,

188 895 334 949 colligi
364 910 454 937 non
487 895 585 936 licet
617 895 812 949 δαίμονος
845 903 920 934 aut
956 898 1061 935 θεοῦ
1095 901 1294 933 naturam
1328 907 1422 933 esse
1455 897 1683 932 inimicam.

249 953 352 996 Hoc
398 963 562 995 certum
596 962 672 997 est.
707 951 1039 1006 disiungendam
1072 966 1165 992 esse
1197 965 1354 992 vocem
1388 965 1470 1002 qe.
1506 952 1667 1004 δχίμευν
1701 958 1742 989 et
1775 953 1888 990 noti-

190 1028 341 1055 -onem
388 1012 629 1054 daemonis.
679 1012 868 1066 Δαίμων,
919 1016 951 1051 si
998 1025 1074 1062 per
1118 1025 1164 1051 se
1196 1009 1469 1062 intellegitur,
1504 1023 1661 1050 numen
1694 1007 1888 1049 divinum

190 1071 261 1114 vel
292 1077 379 1112 vim
411 1070 603 1112 divinam
636 1072 858 1123 significat.
895 1067 962 1110 Eo
996 1068 1114 1121 quod
1145 1083 1234 1110 vox
1265 1067 1337 1109 illa
1381 1074 1597 1109 constanti
1644 1073 1890 1108 continetur

189 1129 426 1172 verborum
471 1138 679 1171 contextu
727 1138 768 1170 et
814 1129 1005 1184 δαίμονος
1051 1134 1116 1168 vis
1149 1127 1298 1168 divina
1331 1127 1587 1179 plerumque
1619 1132 1784 1167 incerta
1815 1134 1889 1166 aut

193 1195 367 1231 inimica
398 1187 572 1230 videtur
605 1187 865 1232 hominibus.
900 1186 990 1229 fieri
1023 1196 1181 1239 potest,
1215 1196 1259 1227 ut
1292 1185 1555 1227 vocabulum
1575 1191 1616 1226 in
1635 1190 1892 1225 sententiam

191 1247 322 1290 abeat
368 1247 672 1300 depravatam.
721 1245 946 1288 Sententia
991 1245 1060 1287 illa
1110 1245 1380 1290 secundaria,
1429 1253 1474 1286 ut
1519 1250 1578 1285 ita
1617 1243 1770 1288 dicam,
1812 1257 1891 1283 usu

247 1393 276 1437 ¹)
307 1391 371 1431 Cf.
413 1391 904 1440 Reichenberqer,
936 1404 973 1428 o.
1005 1390 1026 1427 1.
1058 1404 1124 1439 pp.
1157 1391 1233 1431 21:
1264 1390 1459 1428 39—104.
1502 1388 1598 1427 Vid.
1628 1402 1747 1437 supra
1768 1402 1805 1437 p.
1827 1388 1888 1425 32.

246 1444 286 1483 N
305 1451 367 1494 aq
386 1445 637 1486 elsbach,
666 1443 894 1482 Nachhom.
926 1443 1084 1485 Theol..
1115 1457 1152 1491 p.
1188 1444 1271 1480 112.
1300 1443 1396 1480 Vid.
1427 1456 1546 1491 supra
1571 1456 1608 1491 p.
1639 1442 1700 1479 30.

246 1497 604 1538 Neuhauser,
653 1511 690 1535 0.
738 1497 759 1534 l.
807 1511 843 1545 p.
890 1497 939 1534 35
986 1495 1069 1534 fato
1115 1501 1231 1533 etiam
1274 1501 1540 1544 metonymice
1581 1501 1773 1543 usurpato
1810 1499 1890 1531 vim

192 1557 406 1601 praecipue
435 1556 607 1589 activam
637 1551 848 1588 adiudicat.
882 1549 977 1587 Vid.
1009 1563 1127 1597 supra
1156 1563 1193 1597 p.
1225 1549 1286 1590 32,
1317 1550 1351 1586 3.

248 1606 437 1656 Krejci.
471 1622 508 1647 0.
545 1609 567 1646 1.
599 1622 634 1657 p.
671 1609 754 1646 173.
787 1607 882 1645 Vid.
914 1621 1032 1655 supra
1058 1621 1096 1655 p.
1127 1608 1177 1644 37
1207 1620 1263 1655 sq.

246 1663 276 1710 2)
305 1661 558 1700 Ameis—H
577 1669 747 1699 entze
793 1661 844 1698 ad
874 1663 901 1702 β
935 1661 1033 1698 134:
1068 1662 1246 1707 Πέαὶμιω,
1277 1659 1340 1697 die
1373 1658 1569 1699 Gottheit.
1601 1658 1664 1696 die
1693 1657 1892 1696 waltende

195 1715 432 1763 (besonders
473 1714 574 1753 auch
618 1713 831 1752 feindliche
875 1728 891 1749 ε
935 1714 1023 1754 396,
1061 1728 1081 1748 κ
1121 1713 1185 1753 64)
1216 1712 1399 1753 Macht‚''
1439 1726 1523 1760 sqq.
1571 1711 1764 1752 Ukert.
1796 1724 1833 1749 ο.
1867 1710 1890 1749 l.

194 1782 232 1818 p.
280 1768 378 1810 142:
416 1766 464 1806 cf.
509 1781 628 1816 supra
659 1781 696 1816 p.
731 1768 792 1805 42.
824 1766 922 1808 Quo
953 1766 1101 1804 iudicio
1126 1779 1205 1803 rem
1236 1771 1275 1803 in
1308 1770 1432 1803 maius
1461 1778 1507 1802 ac
1535 1765 1706 1802 deterius
1734 1763 1891 1802 rettulit.

250 1818 436 1869 Krejci,
468 1834 505 1859 0.
537 1820 560 1858 l.
591 1835 629 1869 p.
662 1821 729 1858 171
763 1833 845 1868 sq.·.
876 1818 924 1857 cf.
956 1833 1074 1867 supra
1101 1833 1138 1867 p.
1167 1819 1229 1856 37.
1259 1818 1503 1859 Finsler.
1533 1831 1569 1856 0.
1598 1817 1620 1855 l.
1653 1817 1694 1859 12,
1722 1832 1759 1866 p.
1792 1818 1891 1858 269:

195 1873 245 1913 cf.
275 1888 395 1923 supra
417 1888 454 1923 p.
486 1874 547 1911 47.

250 1926 418 1966 Cautius
447 1927 622 1965 iudicant
667 1925 705 1963 N
726 1931 735 1963 i
754 1934 768 1963 t
784 1940 803 1963 z
821 1939 837 1963 s
855 1940 875 1963 c
894 1925 930 1967 h,
961 1938 998 1963 o.
1034 1924 1056 1962 l.
1088 1925 1112 1966 Ι,
1145 1939 1182 1973 p.
1214 1925 1263 1962 89
1281 1939 1287 1965 :
1305 1924 1352 1962 cf.
1373 1938 1492 1973 supra
1507 1938 1543 1973 p.
1561 1925 1622 1962 42.
1654 1922 1693 1960 N
1713 1929 1735 1961 a
1751 1938 1774 1972 9
1791 1937 1812 1961 e
1830 1923 1840 1960 1
1855 1936 1893 1960 5-

196 1979 754 2020 -bach-Autenrieth‚
800 1992 836 2016 0.
884 1978 905 2015 1.
952 1992 989 2026 p.
1021 1979 1069 2015 74
1102 1992 1187 2025 sq.:
1229 1976 1277 2015 cf.
1304 1991 1422 2026 supra
1451 1992 1517 2026 pp.
1548 1977 1624 2018 30:
1653 1978 1714 2014 41.
1752 1976 1893 2014 Doe-

197 2033 241 2071 -d
261 2034 460 2075 erlein.
507 2046 544 2071 0.
568 2033 591 2070 l.
623 2032 683 2073 111,
714 2047 751 2080 p.
782 2033 884 2073 338:
925 2037 990 2079 qui
1034 2039 1166 2068 tamen
1208 2036 1428 2079 pugnantia
1465 2030 1574 2079 loqui
1603 2030 1770 2071 videtur,
1805 2043 1893 2066 curn

195 2086 313 2124 dicit:
359 2085 485 2128 „Wie
511 2086 574 2124 die
605 2085 741 2124 Moira
767 2089 1064 2133 vorzuqsweise
1088 2083 1145 2121 als
1173 2089 1236 2121 ein
1259 2083 1512 2132 feindseliqes
1542 2082 1701 2120 Wesen
1732 2082 1802 2132 qilt
1829 2081 1892 2132 [cf.

198 2139 465 2189 ,ιιοιρῃνεικήῆν
493 2152 540 2177 so
564 2138 666 2177 auch
695 2138 763 2176 der
792 2151 1019 2186 synonyme
1046 2136 1309 2175 Gottername
1338 2136 1508 2184 &alfaeus
1543 2135 1607 2185 [cf.
1624 2149 1742 2184 supra
1757 2149 1794 2184 p.
1812 2134 1892 2184 40].

197 2192 363 2230 deinde:
412 2199 514 2234 „erst
558 2197 597 2230 in
634 2191 760 2240 Folqe
789 2191 918 2228 dieser
946 2195 1177 2238 einseitiqen
1207 2189 1419 2238 Betonunq
1449 2189 1518 2227 der
1540 2188 1683 2226 Macht
1707 2193 1757 2225 im
1787 2193 1894 2237 gott—

197 2244 347 2283 -lichen
383 2244 554 2287 Wesen.
585 2250 692 2294 neiqt
721 2244 803 2282 sich
834 2246 975 2291 δαίμων
1005 2248 1310 2292 θίηίςεῐω355εη
1339 2256 1388 2280 zu
1412 2242 1501 2280 dem
1531 2240 1680 2291 Beqriff
1706 2247 1814 2279 eines
1844 2255 1895 2278 an

198 2298 282 2336 sich
310 2297 450 2339 bosen,
491 2297 582 2336 blos
613 2296 867 2335 furchtbaren
899 2296 1078 2334 Wesens
1121 2295 1199 2337 hin,
1231 2295 1256 2333 d
1274 2309 1336 2334 oc
1354 2295 1378 2333 h
1407 2294 1571 2333 nicht
1601 2294 1668 2333 oh
1686 2308 1746 2332 ne
1788 2294 1894 2332 den

199 2350 711 2389 ausdriicklichen
749 2349 972 2388 Zusatz
1015 2362 1128 2387 von
1158 2352 1358 2398 στυῡερές,
1390 2352 1515 2391 κακός,
1545 2346 1757 2396 χαλεπός.”

209 2446 228 2451 ..
248 2403 458 2444 Rohde,
498 2402 568 2441 Gr.
615 2403 699 2441 Rel.
740 2418 776 2452 p.
819 2403 888 2440 15:
922 2402 1044 2444 „Und
1075 2415 1122 2440 so
1151 2402 1288 2440 wurde
1317 2401 1419 2439 auch
1448 2401 1516 2439 der
1545 2400 1705 2439 Glaube
1732 2414 1783 2438 an
1809 2405 1896 2438 eine

200 2455 330 2495 Ubles
372 2456 481 2494 nicht
509 2456 659 2494 minder
688 2455 746 2494 als
774 2455 902 2494 Gutes
933 2454 1187 2493 verleihende
1216 2453 1402 2493 Gottheit
1430 2460 1493 2492 nie
1519 2468 1620 2503 qanz
1650 2453 1894 2492 entwurzelt.

200 2509 298 2548 und
333 2514 420 2547 eine
451 2508 733 2558 Empfindunq,
768 2509 832 2546 die
861 2508 932 2546 das
962 2507 1256 2549 Gotterwesen,
1288 2507 1385 2550 „das
1414 2506 1723 2549 Damonische,''
1758 2528 1803 2539 ι-
1834 2512 1896 2544 ein

199 2561 339 2603 Wort,
386 2562 458 2600 das
503 2562 630 2600 sehon
666 2562 730 2599 bei
759 2561 912 2599 Homer
939 2566 1055 2598 einen
1083 2560 1215 2610 Klanq
1244 2573 1328 2598 von
1354 2559 1680 2602 Gef'ahrlichkeit,
1711 2558 1787 2598 fast
1811 2573 1895 2597 von

182 2614 341 2653 >Tiicke
371 2614 439 2653 hat
469 2636 514 2646 —-
546 2614 654 2652 mehr
682 2619 750 2652 mit
779 2613 910 2652 Scheu
942 2614 1000 2652 315
1029 2619 1097 2651 mit
1125 2613 1332 2651 Zutrauen
1357 2613 1589 2655 betrachtet.
1613 2613 1720 2651 blieb
1750 2612 1895 2662 qerade

199 2668 288 2706 dem
315 2667 639 2717 ausqesprochen
668 2666 860 2705 frommen
889 2666 988 2704 Sinn
1016 2666 1169 2715 eiqen.''

254 2720 322 2769 Ab
351 2720 411 2759 his
441 2721 669 2769 discrepant
707 2720 774 2758 Le
793 2720 817 2758 h
835 2733 897 2761 rs.
939 2733 976 2758 o.
1008 2719 1031 2758 l.
1061 2733 1099 2768 p.
1135 2720 1228 2761 143:
1260 2718 1308 2757 cf.
1328 2733 1447 2768 supra
1461 2733 1499 2768 p.
1516 2720 1588 2761 31:
1618 2718 1655 2757 K
1672 2724 1730 2758 ro
1747 2732 1768 2756 c
1785 2718 1810 2756 h
1828 2732 1848 2756 e
1866 2732 1893 2759 r.

200 2787 238 2812 ο.
269 2774 292 2812 l.
322 2787 360 2822 p.
395 2775 466 2815 14:
494 2772 543 2811 cf.
574 2787 693 2822 supra
722 2787 759 2822 p.
791 2773 852 2810 46.
