2159 3288
21 1897 58 1932 T
92 1895 176 1935 188.

1050 108 1129 149 105

292 232 450 276 Verba
498 236 600 288 πρὸς
634 236 832 289 δαίμονα,
881 241 914 276 si
962 244 1111 278 vertas
1161 246 1342 282 „contra
1389 236 1561 283 deum”,
1609 240 1713 293 πρὸς
1755 240 1937 295 δαίμονα

241 294 349 348 φωτὶ
380 295 600 348 μάχεσθαι
632 299 692 334 ita
721 302 786 334 est
817 293 1170 347 intellegendum,
1204 305 1251 337 ut
1282 305 1438 338 contra
1469 296 1597 338 deum
1616 304 1845 350 pugnetis,
1865 305 1937 351 qui

238 360 392 394 contra
436 353 655 393 hominem
703 351 788 393 deo
835 351 1037 394 dilectum
1081 353 1285 396 dimicare
1317 355 1435 400 velit,
1474 358 1575 408 ,διὰ
1608 354 1774 410 φωτός”
1809 363 1938 410 igitur

241 412 516 465 ,,εὑρίσκεται
549 411 711 465 δαίμονι
744 413 1034 466 μαχόμενος”;
1069 428 1181 465 quae
1214 419 1246 455 si
1278 419 1339 454 ita
1371 422 1482 459 sunt,
1511 413 1695 456 verbum
1715 418 1937 471 μάχεσθαι

238 474 432 522 sequitur
462 479 504 511 et
536 484 679 511 merus
711 468 884 511 dativus
918 480 961 511 et
992 480 1220 523 praeterea
1253 475 1356 528 πρὸς
1389 488 1484 514 curn
1516 480 1783 519 accusativo,
1817 474 1937 527 quod

238 542 328 570 non
359 528 498 570 solum
532 533 772 583 στρυφνῶς,
807 541 852 570 ut
884 543 980 570 cum
1015 527 1245 572 Eustathio
1278 531 1432 576 dicam,
1467 540 1509 573 et
1557 535 1937 589 συνεστραμμένως

238 588 486 642 πέφρασται
532 589 602 629 διὰ
653 588 893 643 συντομίαν,
927 603 1078 629 verum
1113 595 1242 630 etiam
1273 589 1488 632 absonum
1520 590 1696 633 videtur
1727 592 1936 634 alienissi-

238 661 464 699 fimumque
495 645 552 687 ab
587 644 773 687 Homeri
805 646 1009 688 dictione.
1045 646 1211 689 Idcirco
1243 647 1360 690 hisce
1384 648 1489 691 locis
1510 647 1561 702 [P
1579 650 1647 695 98,
1678 649 1774 703 104]
1802 654 1936 707 ,πρὸς

238 702 445 760 δαίμονα”
484 710 687 749 „numine
717 704 883 746 invito''
917 711 1194 758 interpretari
1226 707 1383 748 malim.
1416 706 1572 749 Verba
1590 708 1698 751 haec
1715 709 1829 751 idem
1848 709 1937 751 fere

237 777 396 805 sonare
408 772 516 816 puto
548 773 680 816 atque
726 766 828 820 ὑπὲρ
868 767 966 807 θεόν
988 764 1014 816 ¹)
1049 774 1092 806 et
1123 768 1228 821 ὑπὲρ
1248 768 1350 816 Διὸς
1374 769 1500 809 αἶσαν
1522 766 1550 819 2)
1572 776 1614 809 et
1631 770 1737 823 ὑπὲρ
1760 767 1935 821 αἷσαν.3)

295 823 511 876 Δαίμονος
557 829 681 864 notio
720 822 806 864 hoc
848 822 947 864 loco
980 823 1106 865 latius
1139 839 1268 876 quam
1299 828 1403 866 θεοῦ
1437 834 1587 877 patere
1618 826 1804 871 videtur,
1839 842 1936 868 cum

236 886 332 922 veri
365 881 500 922 simile
532 887 598 926 sit.
626 897 716 923 non
748 887 954 935 ignorare
995 881 1264 926 Menelaum,
1296 882 1339 922 id
1386 884 1506 935 quod
1548 890 1707 926 nemini
1737 891 1935 939 ignotum

237 949 362 984 esset.
411 938 650 982 Hectorem
698 946 740 981 in
787 938 1005 993 Apollinis
1049 940 1182 981 tutela
1230 956 1336 985 esse,
1386 947 1534 994 itaque
1570 942 1825 985 Menelaum
1859 959 1937 997 per

239 1001 341 1042 θεόν
387 997 638 1051 Apollinem
683 998 812 1040 deum
844 997 1108 1052 significat&
1143 1005 1185 1040 in
1218 1006 1419 1041 oratione
1455 1010 1574 1042 recta
1607 1008 1718 1043 enim
1751 1002 1936 1045 deorum

237 1063 416 1099 nomina
433 1072 534 1099 raro
552 1063 751 1110 usurpari
769 1056 910 1099 solere
944 1057 1141 1099 vidimus.
1161 1059 1188 1110 ⁴)

295 1116 473 1171 Δαίμων
518 1114 552 1156 P
593 1116 662 1160 98,
706 1116 784 1156 104
822 1115 1035 1170 significat
1068 1122 1156 1158 vim
1187 1116 1257 1158 vel
1288 1117 1573 1159 voluntatem
1592 1118 1797 1164 divinam,
1837 1122 1937 1170 θεός

235 1189 345 1216 vero
378 1184 541 1216 certam
575 1189 809 1227 personam
842 1175 1035 1216 divinam
1068 1175 1209 1217 forma
1242 1175 1420 1218 definita
1452 1175 1746 1230 cogitatam.⁵)
1772 1177 1936 1220 Eadem

237 1232 468 1276 intercedit
500 1240 612 1276 ratio
646 1240 757 1275 inter
791 1235 976 1290 δαίμονα
1010 1243 1053 1275 et
1088 1237 1188 1277 θεὸν
1222 1233 1236 1275 Ι
1271 1235 1357 1276 600
1390 1251 1478 1288 sq.:

607 1294 713 1348 μηδέ
762 1311 810 1335 σε
858 1295 1017 1348 δαίμων
1064 1295 1253 1336 ἐνταῦθα
1302 1296 1484 1351 τρέψειε,

295 1360 339 1393 et
370 1350 427 1392 ib.
461 1351 571 1393 604:
605 1354 700 1394 ἶσον
729 1354 812 1407 γάρ
847 1370 895 1394 σε
927 1356 1016 1408 θεῷ
1052 1353 1238 1395 τίσουσιν
1269 1354 1464 1409 Ἀχαιοί.

297 1408 425 1452 Haec
457 1409 578 1462 quod
610 1410 666 1451 ad
699 1411 837 1452 verba
872 1413 973 1466 πρὸς
1009 1412 1214 1468 δαίμονα.

1027 1526 1048 1549 *
1134 1526 1155 1549 *

1078 1557 1099 1581 ,ις

290 1654 394 1698 Alio
426 1655 525 1698 loco
558 1662 778 1698 invenitur
811 1655 974 1697 locutio
1021 1659 1121 1711 πρὸς
1155 1657 1367 1711 δαίμονος.

290 1713 601 1769 Agamemnon
659 1714 716 1756 ab
766 1713 895 1756 Ulixe
928 1716 1147 1768 impulsus.
1206 1726 1253 1757 ut
1299 1722 1389 1757 iure
1436 1714 1622 1757 iurando
1670 1722 1933 1769 interposito

233 1772 429 1819 affirmet,
463 1789 509 1816 se
542 1789 778 1827 numquam
812 1789 907 1815 cum
943 1772 1135 1815 Briseide
1169 1780 1323 1816 coiisse
1359 1772 1417 1827 [T
1455 1775 1534 1815 187
1567 1773 1678 1827 sq.]:

404 1837 544 1876 ταῦτα
578 1834 612 1876 δ’
651 1835 779 1888 ἐγὼν,
813 1839 963 1885 inquit,
1003 1834 1144 1875 ἐθέλω
1175 1836 1348 1888 ὀμόσαι,
1381 1834 1556 1876 κέλεται
1586 1835 1631 1876 δέ
1663 1851 1715 1889 με
1747 1836 1905 1888 θυμός,

365 1909 370 1913 ’
411 1893 500 1936 οὐδ’
540 1893 789 1947 ἐπιορκήσει)
825 1895 929 1948 πρὸς
964 1893 1220 1947 δαίμονος.ὓ)

288 2076 317 2127 1)
346 2080 371 2114 P
401 2078 477 2116 327
520 2075 611 2127 ὁτὲ.)
640 2076 731 2115 &sss-2
774 2078 898 2115 verba
944 2085 1131 2125 suspecta
1160 2084 1296 2115 censet
1325 2076 1365 2114 N
1383 2077 1532 2115 auck,
1564 2075 1628 2114 Cf.
1661 2076 1774 2114 Lud
1792 2076 1937 2114 wich

234 2130 296 2169 ad.
328 2130 351 2169 1.
383 2129 518 2169 Schol.
551 2130 589 2168 A
619 2131 670 2168 ad
699 2130 722 2168 l.
752 2133 841 2180 ᾠτερ
876 2129 983 2180 5:552]
1017 2129 1107 2167 &sao
1137 2132 1189 2179 μὴ
1221 2133 1464 2179 βουλομένω.
1491 2129 1936 2171 Ameis-Hentze,

235 2183 341 2222 Anh.
374 2183 414 2222 Il.
445 2184 499 2226 62,
530 2198 567 2232 p.
598 2184 660 2222 98.

288 2235 352 2275 Cf.
383 2236 574 2278 Lehrs,
611 2236 676 2275 ο.1.
721 2250 758 2285 p.
793 2237 864 2274 148
908 2242 947 2274 in
983 2243 1119 2274 annot.
1164 2234 1934 2284 Naqelsbach-Autenrieth‚

236 2288 301 2328 ο.1.
324 2303 361 2338 p.
398 2290 470 2327 132
499 2304 555 2338 sq.

291 2343 319 2391 2)
350 2345 374 2378 P
404 2343 492 2380 321.
552 2344 580 2391 3)
612 2345 639 2377 Z
669 2343 756 2380 487.
790 2345 823 2378 ΙἸ
855 2342 943 2383 780,
974 2340 1023 2380 cf.
1055 2347 1079 2378 λ
1111 2342 1173 2379 61.

290 2396 318 2444 4)
349 2395 685 2445 Jorqensen.
717 2395 782 2434 o.l.
813 2410 850 2443 p.
882 2395 970 2433 368.
1005 2394 1113 2432 Vide
1145 2408 1264 2443 supra
1294 2393 1397 2443 Cap.
1427 2393 1469 2432 II.

290 2447 490 2490 Cauer.
518 2447 738 2490 Grundft.².
769 2463 834 2497 pp.
866 2449 966 2489 3342
997 2448 1086 2485 348.

289 2501 318 2550 5)
347 2500 522 2539 Definite
548 2501 651 2539 hanc
677 2507 778 2539 inter
805 2502 966 2550 δαίμονα
992 2508 1030 2538 et
1058 2503 1149 2538 ἐτεόν
1175 2499 1482 2548 discrepantiam
1512 2506 1684 2537 statuere
1713 2512 1796 2537 non
1825 2498 1936 2540 licet;

236 2567 285 2592 ex
315 2559 445 2603 capite
474 2559 677 2603 superiore
706 2560 808 2592 enim
839 2559 933 2592 satis
962 2561 1129 2602 apparet
1156 2560 1194 2591 et
1223 2555 1383 2601 δαίμονα
1412 2559 1450 2590 et
1466 2550 1557 2589 Ξῖεόν
1579 2557 1618 2590 in
1633 2557 1815 2590 oratione
1831 2559 1938 2590 recta

235 2613 461 2656 promiscue
487 2612 667 2656 usurpari
694 2607 746 2644 ad
775 2606 1076 2656 significandum
1106 2619 1251 2644 numen
1280 2606 1470 2644 divinum.

289 2659 354 2698 De
383 2666 570 2698 universa
597 2665 638 2697 vi
667 2665 781 2698 vocis
810 2674 844 2708 q.
864 2673 895 2697 e.
927 2657 1015 2700 Ξεός
1047 2659 1140 2697 vide
1169 2657 1270 2696 infra
1298 2672 1336 2707 p.
1373 2659 1496 2700 116‚1.

289 2714 318 2762 6)
347 2713 542 2762 Perpauci
583 2712 746 2751 codices
773 2718 878 2761 iique
907 2717 1070 2750 minoris
1098 2717 1288 2750 momenti
1317 2711 1526 2760 perhibent
1554 2710 1800 2760 ,,δαὶμονας”.
1839 2709 1935 2747 Vid.

234 2765 512 2805 Ludwich
542 2766 594 2804 ad
623 2766 645 2804 l.
703 2765 838 2804 Schol.
883 2765 922 2803 A
962 2765 1014 2803 ad
1052 2768 1078 2801 Γ
1125 2765 1200 2803 279
1230 2764 1325 2814 legit
1353 2762 1468 2815 ,πρὸς
1498 2763 1697 2813 δαίμοναῗ.
1726 2763 1818 2801 Am
1837 2768 1936 2800 eis-

237 2819 492 2862 -Hentze,
523 2819 628 2858 Anh.
658 2818 697 2857 Il.
729 2820 780 2862 72,
810 2833 848 2868 p.
885 2820 942 2856 14.
