2159 3288
1112 98 1196 139 202
1208 141 1212 142 ⁷

363 229 625 283 Complures
657 244 780 271 casus
812 228 977 280 obliqui
1010 232 1133 269 vocis
1165 241 1206 279 q.
1226 241 1261 267 e.
1296 227 1461 281 δαίμων
1493 232 1536 267 in
1568 235 1727 280 quarto
1759 225 1872 279 pede
1904 235 2004 268 sunt

305 296 433 343 positi
469 288 535 341 [cf.
568 304 609 342 p
649 287 773 340 196];
807 287 895 328 dat
930 285 986 339 pl.
1020 289 1142 335 θεοῖς
1175 283 1430 338 plerumque
1463 284 1620 338 legitur
1653 291 1695 327 in
1732 285 1845 327 thesi
1878 285 2028 339 pedis-

306 354 418 391 tertii
452 357 493 389 et
525 353 568 388 in
595 353 679 388 arsi
706 345 828 399 pedis
860 350 1003 398 quarti
1038 343 1106 396 [cf
1140 359 1273 396 supra
1305 359 1347 395 p
1386 342 1499 397 193].

363 405 612 452 Quominus
643 421 723 459 pro
757 403 902 445 verbis
934 419 975 456 q.
982 418 1013 444 s
1048 403 1240 457 δαίμοσιν
1274 404 1386 446 εἶναι
1418 404 1589 458 ἀλιτρός
1633 401 1693 454 [Ψ
1712 402 1811 455 595]
1846 402 2003 444 substi-

305 474 503 507 -tuantur
535 464 672 505 verba
706 465 946 512 ἀθανάτους
980 445 1214 504 ἀλιτέσθαι
1248 470 1431 503 metrum
1465 476 1555 503 non
1586 460 1780 514 impedit,
1813 467 2004 514 itemque

304 540 386 578 pro
434 526 678 572 ἀθανάτους
727 523 962 564 ἀλιτέσθαι
1010 519 1047 572 [δ
1092 520 1206 572 378],
1253 529 1386 573 prout
1433 519 1517 562 fert
1559 526 1685 562 metri
1717 526 1843 565 ratio,
1875 526 2004 562 inseri

305 592 450 635 potest
483 588 585 623 satis
617 579 847 622 commode
882 581 1085 635 δαίμοσιν
1120 581 1232 622 εἶναι
1263 581 1449 634 ἀλιτρός.

363 644 408 683 Ψ
442 641 524 682 595
557 655 657 681 usus
690 638 857 681 formae
887 641 1082 694 δαίμοσιν
1119 653 1170 680 ex
1203 645 1363 691 poetae
1397 636 1574 680 libidine
1607 637 1799 691 pendere
1818 637 2004 679 videtur.

357 772 395 811 A
430 769 511 810 792
545 774 587 809 in
621 774 821 810 oratione
854 776 974 809 reeta
1006 766 1188 820 legitur:

526 830 588 877 τίς
621 828 656 869 δ’
697 828 793 879 οἷδ’,
831 830 868 870 εἴ
905 829 975 869 κέν
1012 828 1051 868 οἱ
1090 828 1185 869 ’σὺν
1219 828 1390 882 δαίμονι
1424 828 1563 881 θυμὸν
1597 827 1756 881 ὀρίναις

307 902 342 937 0
374 898 486 938 403:
522 900 583 948 τίς
617 899 653 942 δ’
690 895 771 942 οιδ’
806 900 846 940 εἴ
873 899 944 940 κέν
978 894 1039 940 οἱἼ
1065 899 1138 940 σὺν
1171 899 1335 953 δαίμονι
1368 899 1505 952 θυμὸν
1541 898 1666 952 ὀρίνω
1687 895 1716 948 ¹)

363 966 497 1010 Hisce
544 967 716 1010 duobus
764 967 869 1010 locis
902 967 990 1009 dat.
1025 974 1134 1021 sing
1169 970 1334 1022 δαίμονι
1367 976 1568 1020 quartum
1602 965 1758 1019 pedem
1792 975 2006 1034 occupat;

304 1027 582 1069 masculinam
615 1042 854 1072 caesuram,
889 1042 1003 1080 quae
1033 1026 1201 1072 dicitur
1237 1032 1396 1080 excipit
1428 1026 1592 1068 locutio
1626 1044 1698 1068 συν
1735 1027 1916 1082 δαίμονι.
1938 1024 1966 1078 2)

362 1084 543 1128 Habent
577 1102 689 1139 quae
721 1102 816 1128 cum
851 1086 916 1128 his
948 1086 1137 1128 conferri
1171 1095 1335 1139 queant
1366 1085 1500 1127 haec:

305 1146 338 1184 Z
377 1146 483 1186 171:
524 1146 659 1202 αυτόιρ
691 1149 711 1189 ὁ
748 1151 800 1202 βῆ
839 1148 1004 1200 Λυκίην
1041 1148 1241 1189 δὲίθεῶν
1275 1146 1344 1188 ὑπ’
1381 1147 1568 1200 ἀμύμονι
1602 1149 1765 1200 πομπῇ.

306 1214 344 1254 Ω
372 1217 485 1258 430:
522 1218 649 1260 αὐτόν
683 1235 726 1260 τε
763 1219 896 1272 ῥῦσαι,
922 1218 1111 1272 ’πέμψον
1147 1218 1192 1257 δέ
1226 1234 1279 1271 με
1312 1218 1385 1259 σύν
1420 1234 1468 1270 γε
1505 1219 1691 1260 θεοῖσιν,

305 1293 320 1333 I
394 1289 476 1330 49:
510 1285 639 1330 Ἰλίου
677 1289 866 1343 εὕρωμεν
891 1303 898 1310 ·
922 1289 1013 1330 σὺν
1050 1289 1136 1343 γὰρ
1168 1291 1256 1342 θεῷ
1293 1288 1593 1341 εἰλήλουθμεν.

362 1358 464 1401 Hoc
497 1358 597 1399 loco
629 1357 767 1399 verba
800 1373 878 1410 q.s.
910 1360 992 1413 γὰρ
1020 1362 1106 1412 θεῷ
1127 1355 1285 1407 (ξύμ
1318 1362 1361 1398 in
1382 1360 1472 1412 θεῷ
1496 1354 1814 1408 diphthongus,
1836 1361 1879 1396 in
1897 1354 2008 1396 thesi

302 1428 404 1460 ante
451 1417 772 1470 diphthongum
815 1423 973 1470 posita.
1020 1415 1327 1469 corripitur),³)
1360 1430 1502 1469 aeque
1534 1429 1585 1456 ac
1617 1416 1787 1470 δαίμονι
1820 1412 1875 1465 (A
1907 1414 2005 1459 792,

307 1480 341 1519 O
375 1477 489 1528 403),
538 1482 581 1517 in
626 1485 783 1529 quarto
831 1475 944 1528 pede
991 1474 1222 1529 leguntur;
1271 1482 1461 1528 itemque
1492 1474 1656 1517 locutio
1690 1475 1760 1515 σὺν
1794 1475 1881 1529 γὰρ
1912 1478 2006 1529 θεῷ

302 1545 403 1590 post
449 1550 674 1578 caesuram
722 1534 1003 1577 masculinam
1052 1534 1222 1588 legitur.
1271 1533 1429 1576 Verba
1479 1549 1557 1587 q.s.
1606 1535 1689 1588 γάρ
1740 1536 1829 1587 θεῷ
1865 1542 2007 1575 metro

302 1602 441 1637 invito
475 1603 677 1647 quartum
711 1594 870 1647 pedem
904 1594 959 1646 (A
991 1595 1089 1639 792,
1127 1596 1163 1637 O
1195 1593 1296 1646 403)
1329 1601 1613 1646 occuparent,
1647 1607 1743 1634 cum
1780 1595 1870 1647 θεῷ
1904 1601 2007 1634 ante

303 1669 543 1697 consonam
590 1653 796 1695 initialem
830 1659 1055 1706 proximae
1088 1659 1210 1695 vocis
1243 1667 1325 1706 q.e.
1358 1655 1495 1707 θυμόν
1529 1668 1618 1694 non
1652 1659 1802 1705 posset
1833 1657 2005 1705 corripi.

363 1712 560 1755 Mettum
594 1721 711 1754 certe
744 1728 834 1754 non
866 1722 1147 1766 repugnaret,
1182 1718 1285 1765 quin
1318 1711 1536 1765 legeretur
1568 1714 1642 1754 σὺν
1676 1714 1844 1777 θεοΞσιν
1867 1714 2005 1766 θυμὸν

304 1786 458 1839 ὀρίναις
496 1782 677 1838 (ὀρίνω),
710 1792 754 1825 at
788 1798 998 1836 perquam
1030 1783 1203 1825 insolita
1236 1788 1442 1836 synizesis
1476 1791 1589 1825 esset
1628 1788 1671 1824 in
1704 1787 1884 1827 θεοῖσιν,
1920 1797 2006 1835 qua

306 1859 395 1885 uno
428 1842 527 1884 loco
561 1841 745 1884 afficitur
780 1841 817 1894 [ξ
846 1843 923 1884 251
951 1860 957 1884 z
993 1842 1045 1884 cf.
1080 1859 1121 1896 p.
1157 1843 1272 1894 201}
1308 1840 1513 1884 Formam
1547 1841 1885 1898 σ.θ.δαίμονι(Λ
1907 1841 2006 1886 792,

306 1908 341 1945 O
374 1903 473 1953 403)
507 1908 549 1943 in
578 1910 779 1955 quartum
813 1901 971 1955 pedem
1006 1908 1169 1956 optime
1201 1900 1434 1955 quadrare,
1468 1907 1517 1943 si
1549 1900 1794 1955 quidem
1825 1917 1852 1954 p
1872 1906 2006 1942 oeta

304 1961 461 2003 hanc
503 1960 839 2003 verborum
882 1966 1398 2014 compositionem
1442 1975 1701 2002 servare
1734 1960 2005 2005 voluerit,

304 2026 597 2073 unusquisque
624 2025 871 2073 perspiciet.

362 2078 496 2121 Hisce
544 2079 674 2121 rebus
720 2085 945 2133 perpensis
991 2079 1202 2124 adducor,
1254 2088 1300 2120 ut
1344 2087 1492 2132 putem
1538 2078 1643 2120 locis
1688 2093 1820 2132 supra
1865 2076 2007 2119 allatis

305 2138 357 2186 (A
391 2139 487 2180 792.
524 2142 559 2182 O
590 2138 689 2190 403)
724 2147 907 2180 metrum
941 2137 1149 2184 effecisse,
1182 2147 1228 2179 ut
1260 2153 1418 2180 vocem
1451 2154 1534 2191 q.e.
1568 2139 1732 2193 δαίμων
1776 2136 2006 2179 adhiberet

305 2204 451 2249 po'eta.
680 2216 687 2221 ·

357 2318 394 2357 T
434 2315 510 2355 188
547 2316 635 2358 οὐδ’
671 2316 923 2371 ἐπιορκήσω
961 2318 1064 2370 πρὸς
1100 2312 1340 2370 δαίμονοςῇ
1377 2316 1512 2369 αὐτὰρ
1545 2315 1779 2370 Ἀχιλλεύς
1800 2314 1828 2366 ⁴)

363 2372 520 2414 Genet.
564 2380 670 2427 sing.
722 2376 933 2429 δαίμονος,
976 2384 1077 2416 ante
1111 2374 1326 2417 diaeresin
1359 2373 1602 2416 bucolicam
1635 2379 1817 2427 positus,
1849 2371 2005 2426 pedem

305 2442 503 2485 quartum
536 2442 734 2485 occupat.

361 2560 388 2607 1)
421 2557 550 2607 Supra
580 2573 645 2607 pp.
677 2560 757 2601 60:
787 2561 837 2598 99
868 2574 924 2609 sq.

359 2612 390 2656 2)
419 2610 545 2654 Quod
575 2613 625 2649 ad
653 2617 803 2651 initium
834 2614 995 2652 huiusce
1025 2628 1175 2656 versus,
1206 2628 1294 2652 cum
1336 2614 1396 2652 his
1438 2613 1538 2652 locis
1581 2619 1805 2662 congruunt
1852 2614 1886 2648 11
1916 2612 2004 2653 860,

306 2667 333 2709 β
359 2666 884 2765 ΞΒΖΫὲῐΞῙῗεευψεη,
930 2719 1102 2761 Enchir.,
1149 2734 1186 2769 p.
1219 2721 1279 2758 83.
1340 2718 1766 2769 Kiihner—Blas&
1797 2718 1862 2757 o.l.
1894 2718 1919 2761 Ι,
1956 2718 2004 2760 1³.

305 2772 321 2820 ξ
351 2771 547 2873 ἶῖἐίιρῐᾶ
577 2838 642 2873 pp.
672 2826 745 2866 67:
783 2825 854 2863 105
883 2839 938 2874 sq.
