2159 3288
1778 727 1863 761 9299.

167 769 446 814 Prooemium
509 805 1742 817 ..................
1842 778 1855 817 1

164 839 312 895 Caput
345 841 375 883 Ι.
482 840 589 889 Quo
622 849 765 897 agitur
798 842 852 885 de
886 850 958 885 via
990 859 1041 886 ac
1074 851 1244 886 ratione
1282 850 1324 886 in
1341 845 1601 898 inquirenda
1620 852 1743 888 vocis

477 912 793 967 significatione
827 913 1015 956 ineunda
1083 947 1740 958 ..........
1803 918 1859 959 49

162 980 309 1036 Caput
342 981 395 1025 II.
474 981 596 1030 Quid
628 983 819 1026 doceant
850 983 989 1026 verba
1019 991 1333 1039 cognominata
1368 986 1436 1027 vel
1469 985 1583 1028 idem
1612 992 1745 1041 siqni-

477 1053 673 1096 -ficantia
716 1087 1742 1099 ...............
1805 1058 1854 1099 51

162 1121 312 1177 Caput
345 1122 419 1165 III.
470 1122 744 1170 Quibuscum
795 1125 942 1167 verbis
991 1128 1152 1181 δκίμων
1212 1132 1503 1180 coniungatur
1547 1142 1748 1180 quaeque

469 1193 555 1235 alia
586 1192 806 1235 vocabula
838 1193 989 1236 iisdem
1029 1194 1171 1237 verbis
1204 1195 1446 1238 adiciantur
1516 1229 1523 1237 .
1588 1231 1596 1238 .
1661 1230 1668 1238 .
1733 1231 1741 1239 .
1804 1198 1859 1240 86

472 1262 528 1305 Α.
562 1262 616 1305 de
650 1262 782 1305 Iliade
862 1297 1739 1308 .............
1804 1269 1859 1310 86

474 1331 524 1375 Β.
557 1333 611 1376 de
643 1331 851 1386 Odyssea
927 1368 1738 1379 ............
1779 1339 1858 1381 116

474 1402 525 1445 C.
559 1403 614 1446 de
649 1403 838 1457 Hymnis
872 1403 1120 1447 Homericis
1219 1439 1738 1449 ........
1779 1410 1857 1450 165

160 1471 308 1527 Caput
337 1473 418 1516 IV.
473 1472 603 1521 Quae
635 1481 854 1516 sententia
886 1481 985 1517 insit
1015 1475 1236 1518 adiectivo
1267 1476 1387 1530 quod
1421 1486 1484 1519 est
1524 1480 1736 1534 δαιμόνιος
1778 1480 1857 1521 167
1932 1500 1935 1517 κ

160 1542 308 1597 Caput
339 1543 399 1586 V.
477 1542 709 1591 Quatenus
741 1560 842 1587 usus
872 1552 994 1588 vocis
1027 1561 1110 1599 q.e.
1146 1548 1311 1602 δαίμων
1345 1556 1527 1590 emetro
1545 1548 1739 1601 pendeat
1777 1550 1855 1591 184

159 1612 307 1668 Caput
338 1613 420 1656 VI.
469 1613 591 1661 Quid
637 1615 784 1657 valeat
831 1616 887 1657 ad
934 1616 1211 1658 statuendam
1258 1624 1380 1660 vocis
1421 1619 1621 1674 δαίμονος
1653 1625 1740 1661 vim

470 1692 706 1728 carminum
740 1695 896 1728 natura
929 1720 1734 1731 ............
1770 1691 1854 1732 214

159 1754 294 1798 Index
326 1761 369 1797 in
392 1754 636 1798 Homerum
701 1789 1735 1801 ...............
1771 1762 1855 1803 239

159 1825 293 1868 Index
324 1832 368 1869 in
401 1824 608 1880 Hymnos
703 1860 1734 1872 ...............
1770 1832 1855 1872 240

155 1895 326 1939 Theses
355 1929 1733 1942 ....................
1769 1903 1848 1943 241

667 2155 713 2207 C
735 2155 788 2207 O
811 2156 855 2206 R
879 2156 923 2206 R
946 2157 964 2206 I
986 2155 1037 2207 G
1058 2156 1103 2208 E
1125 2156 1178 2207 N
1202 2157 1253 2207 D
1275 2157 1341 2207 Α,

223 2275 264 2312 p.
299 2260 367 2306 78,
401 2261 426 2302 3
682 2278 723 2314 p.
756 2262 795 2307 2,
831 2263 855 2303 5
1179 2261 1319 2304 scribe
1570 2279 1611 2316 p.
1647 2264 1714 2309 52,
1749 2264 1775 2305 3

222 2344 264 2382 p.
298 2329 367 2376 86,
407 2332 421 2372 1
682 2334 898 2383 ἐπέλασσς
1178 2332 1318 2374 scribe
1571 2335 1782 2377 ἐπέλασσε

221 2415 263 2452 p.
296 2401 365 2446 93.
405 2402 419 2442 l
682 2404 841 2453 ἀὲξκτο
1178 2403 1317 2445 scribe
1569 2405 1718 2457 ἀέξετο

220 2485 262 2523 p.
295 2470 364 2516 93,
682 2476 834 2516 αἰῦοπι
1178 2473 1317 2516 scribe
1571 2476 1727 2519 αἴθοπι

683 2550 848 2599 κεκληγ
881 2545 939 2594 ὡς
1177 2543 1318 2586 scribe
1569 2547 1794 2603 κεκληγώς

218 2625 260 2663 p.
299 2611 392 2657 147,
421 2613 446 2653 3
679 2612 852 2655 believe
1177 2613 1318 2656 scribe
1568 2614 1699 2657 belief

218 2695 259 2733 p.
293 2681 378 2723 239
679 2686 725 2726 Ψ
764 2684 843 2725 166
1177 2683 1317 2726 scribe
1569 2688 1596 2742 ψ
1636 2686 1714 2727 166
