2125 3288
1119 121 1175 161 40

355 249 498 291 Schol.
535 248 569 290 Β
603 248 659 290 ad
692 249 717 291 1.
753 248 905 291 eadem
939 247 1030 289 fere
1062 255 1254 301 exponit.

349 308 493 350 Schol.
527 306 569 349 T
600 307 655 349 ad
689 306 734 349 O
767 308 880 348 403:
916 309 989 349 σὺν
1023 305 1206 360 δαίμονι]
1243 309 1513 363 ἑφαψομὲνου
1542 312 1672 351 θεοῦ.

347 366 491 408 Schol.
526 365 567 407 T
599 366 655 408 ad
688 365 732 408 O
766 366 880 406 418:
916 366 1134 408 ἐττὲλχσσὲ
1170 382 1219 421 γε
1255 364 1434 421 δαίμων]
1470 370 1562 422 θεῷ
1597 368 1819 422 ἀναφέρει.

354 424 500 467 Schol
534 424 576 466 Α
608 424 663 466 ad
696 423 729 465 P
778 424 863 465 98:
913 426 1014 478 πρὸς
1067 426 1248 479 δαίμονα
1300 425 1412 480 φωτὶ
1457 424 1698 480 μάχεσθαι]
1736 428 1838 480 πρὸς
1890 428 1992 468 θεὸν

292 487 524 539 μάγεται..
553 519 588 525 ..
626 485 904 531 imm-3013
939 486 1059 526 θεοῖς
1097 484 1401 526 ἐναντιοῦσθαι
1434 485 1482 526 οὐ
1516 485 1729 539 βούλεται
1752 519 1759 525 .
1782 519 1820 526 ..
1872 487 1996 539 παρὰ

297 548 447 586 3303
449 546 621 597 ,νς-ὃμτν.
658 538 870 582 Sch01.B
906 550 949 581 et
980 538 1023 581 T
1054 540 1110 581 ad
1143 540 1169 581 1
1200 540 1314 582 idem
1347 541 1438 582 fere
1448 541 1713 642 dproferunt

350 587 493 642 Schol.
528 578 583 640 T
602 599 657 640 ad
690 602 728 640 ‹1›
763 599 878 639 227:
916 599 1086 654 δαίμονι
1116 598 1229 652 ἶσος]
1265 602 1410 655 ἀκμὴς
1538 603 1656 650 θεὸς.

350 658 494 700 Schol
529 657 563 699 Β
602 657 657 699 ad
710 660 732 699 δ
782 658 866 698 274
916 673 979 710 sq.
1029 661 1338 713 κελευσέμεναι
1389 660 1435 701 δέ
1448 618 1525 701 ω(ς’
1577 661 1729 714 ἔμελλε
1766 699 1768 706 ,
1808 657 1991 713 δαίμων]

294 737 346 760 τῖε
354 719 484 771 οτρὲψ
492 735 533 758 JJ.
566 718 610 760 δέ
646 734 694 759 σε
729 718 861 771 ἐῴκει
894 719 914 758 ὁ
951 719 1067 767 θεὸς.

352 741 495 816 Scl‘lol
529 772 687 820 PQT
719 762 826 816 ad
808 793 825 801 3
857 775 971 815 421:
1020 780 1149 830 κῆτος
1199 776 1403 830 ἐπισσεύῃ
1439 777 1555 831 μέγα
1586 775 1764 831 δαίμων]
1802 778 1872 820 διὰ
1912 778 1996 832 γὰρ

292 852 367 889 ττν
402 838 477 876 303
515 839 566 875 33
571 838 619 876 ο3
652 836 852 889 ἐπήρειαν
880 836 1017 877 πάντα,
1051 836 1170 876 ’δεινὰ
1204 836 1443 889 προσδοκᾷ.

352 891 420 933 De
470 890 802 934 Eustathii
850 898 1174 934 commentariis
1218 898 1301 934 iam
1347 908 1478 945 supra
1525 891 1584 946 [p.
1615 893 1670 934 27
1703 891 1784 946 sq.]
1820 899 1999 946 copiose

292 951 525 1003 disputavi,
560 960 606 993 ut
638 967 817 1004 prorsus
849 951 953 993 nihil
985 951 1172 993 habeam
1206 950 1326 1004 quod
1355 951 1527 993 addam.

351 1009 484 1052 Hisce
532 1016 913 1064 grammaticorum
962 1016 1219 1052 testimoniis
1266 1009 1455 1063 denique
1499 1009 1727 1052 adicienda
1770 1025 1864 1052 esse
1897 1009 1998 1052 mihi

291 1068 496 1110 videntur
515 1084 579 1114 ea,
600 1084 711 1121 quae
729 1069 783 1110 de
816 1067 1064 1110 Homero
1096 1069 1277 1122 protulit
1312 1067 1344 1109 P
1363 1068 1420 1110 lu
1438 1078 1454 1110 t
1471 1084 1496 1110 a
1514 1085 1533 1110 r
1551 1084 1574 1110 c
1590 1068 1617 1110 h
1636 1085 1663 1110 u
1680 1085 1699 1110 s
1734 1068 1805 1122 [de
1824 1068 1909 1111 def.
1931 1085 1997 1111 or.

292 1143 326 1169 c.
352 1127 443 1180 lO]:
473 1130 696 1183 “Ελ7.’ί]νων
731 1129 790 1180 δέ,
810 1133 963 1181 inquit,
988 1130 1181 1184 ''ngqpog
1216 1130 1290 1183 μὲν
1325 1129 1518 1183 φαίνεται
1552 1133 1707 1178 κοινῶς
1740 1129 1995 1184 ἀμφοτέροις

293 1189 507 1242 χρώμενος
533 1192 623 1237 τοῖς
665 1189 864 1242 ὀνόμασι,
886 1188 958 1229 καὶ
991 1190 1085 1237 τοὺς
1121 1189 1248 1237 θεοὺς
1285 1189 1398 1230 ἔστιν
1433 1189 1504 1229 ὅτε
1538 1187 1739 1242 δαίμονας
1773 1204 1995 1243 προσαγο-

297 1248 461 1300 -ρεύωμ

352 1303 415 1345 Ex
430 1304 494 1346 his
513 1310 770 1346 testimoniis
787 1303 1079 1357 colligendum
1098 1313 1176 1349 est,
1195 1310 1401 1357 antiquos
1419 1310 1727 1357 grammaticos
1744 1303 1998 1357 aequalibus

294 1370 392 1408 suis,
412 1363 568 1416 quibus
603 1366 763 1418 δαίμων
799 1372 913 1405 esset
938 1379 1098 1405 numen
1126 1362 1313 1404 medium
1331 1372 1406 1405 aut
1423 1363 1493 1404 dei
1511 1362 1728 1405 inferioris
1744 1363 1997 1417 appellatio,

294 1421 577 1464 Homericum
609 1437 856 1464 sermonem
890 1422 970 1464 sibi
1004 1421 1306 1475 explicandum
1341 1430 1528 1475 putasse,
1570 1421 1613 1463 id
1660 1421 1779 1475 quod
1827 1428 1998 1476 minime

291 1496 668 1534 supervacaneum
701 1481 834 1523 fuisse
866 1480 1054 1526 videtur,
1089 1486 1395 1526 simemineris‚
1415 1490 1579 1534 quanta
1596 1480 1714 1534 apud
1731 1487 1999 1534 posteriores

289 1547 439 1582 variae
473 1546 597 1582 vocis
631 1543 668 1583 δ.
701 1546 945 1582 sententiae
978 1539 1205 1582 oblivione
1239 1549 1384 1582 essent
1416 1539 1615 1582 obrutae.
1629 1539 1657 1593 1)

345 1644 495 1687 Multo
513 1644 608 1698 plus
625 1644 682 1686 ad
698 1654 1002 1699 argumentum
1021 1644 1188 1687 habent
1206 1651 1413 1687 momenti
1431 1651 1725 1687 recentiorum
1741 1651 1997 1687 sententiae.

292 1703 503 1757 Imprimis
550 1703 936 1746 commemoranda
985 1713 1084 1746 sunt
1133 1719 1197 1749 ea,
1241 1719 1352 1757 quae
1383 1703 1551 1758 profert
1585 1703 1997 1749 Doederlein,

291 1762 475 1804 Homer.
511 1761 657 1805 Gloss.
694 1762 754 1804 ΙΙΙ
789 1761 881 1805 No.
916 1763 1044 1808 2471,
1079 1779 1121 1816 p.
1156 1763 1269 1804 338:

351 1822 519 1877 ,Δοιίμ
536 1839 598 1864 ων
642 1820 737 1867 ist,''
774 1828 926 1875 inquit,
963 1821 1068 1868 „das
1102 1821 1431 1864 substantivirte
1466 1820 1656 1875 Particip
1690 1824 1908 1877 δαιόμενος
1929 1855 1938 1863 .
1959 1855 1996 1863 ..

288 1880 377 1922 und
420 1880 676 1922 bezeichnet
723 1880 809 1922 den
856 1879 981 1926 Gott,
1031 1880 1107 1922 der
1154 1880 1223 1922 die
1256 1879 1416 1923 Gaben
1449 1880 1539 1922 und
1578 1879 1723 1923 Loose
1770 1880 1996 1927 austheilt;

288 1941 562 1994 Δαίμονες
598 1939 769 1981 heissen
801 1939 871 1981 die
903 1938 1162 1982 Gottheiten
1196 1939 1314 1982 bloss
1346 1939 1409 1981 als
1442 1939 1659 1994 machtiqe
1692 1939 1781 1982 und
1799 1939 1997 1982 dadurch

288 1997 539 2040 furchtbare
572 1997 760 2043 Wesen,
796 2001 890 2042 θεοί
925 1998 1030 2040 aber
1064 1998 1260 2052 zuqleich
1292 1998 1354 2041 als
1386 2005 1531 2044 weise‚
1550 1998 1663 2041 auch
1695 1998 1815 2041 wohl
1848 2004 1998 2053 giitiqe

288 2055 492 2098 Wesen''
515 2073 522 2101 ;

347 2114 485 2157 Paulo
533 2126 634 2168 post
681 2122 740 2158 sic
788 2122 958 2169 pergit:
1013 2115 1149 2162 „Wie
1182 2115 1251 2158 die
1286 2115 1439 2158 Moira
1471 2122 1803 2170 vorzuqsweise
1834 2116 1898 2158 als
1930 2122 1998 2158 ein

288 2174 562 2228 feindseliges
596 2173 771 2217 Wesen
803 2174 880 2228 qilt
886 2208 1040 2221 ......
1075 2191 1124 2217 so
1157 2175 1270 2217 auch
1302 2175 1379 2217 der
1423 2191 1671 2228 synonyme
1706 2174 1997 2218 Gottername

292 2236 313 2276 δ
335 2252 358 2275 7.
380 2235 390 2276 ί
409 2253 436 2289 μ
459 2252 492 2275 ω
511 2232 573 2276 ν.”

343 2290 386 2332 D
405 2308 431 2333 o
450 2307 472 2334 e
492 2291 519 2333 d
537 2308 560 2334 e
574 2308 593 2333 r
606 2292 617 2333 l
630 2307 653 2334 e
667 2298 714 2333 in
747 2299 875 2346 igitur
893 2295 1157 2348 δαίμονινίσι
1172 2299 1361 2335 activam
1379 2301 1511 2346 atque
1529 2292 1743 2335 infensam
1763 2292 1995 2335 adiudicat.

346 2349 591 2393 Secundum
641 2349 1043 2405 Ebelingium
1079 2350 1182 2394 Lex.
1218 2350 1417 2398 Homer„
1452 2358 1538 2393 i.v.
1573 2354 1749 2408 δχίμων,
1784 2351 1866 2394 hae
1899 2361 1998 2394 sunt

288 2409 627 2462 significationes
660 2417 781 2452 vocis
814 2426 895 2463 q.e.
931 2412 1124 2468 δαίμωνῑ

353 2470 385 2509 1.
423 2479 592 2514 „certus
625 2468 800 2521 quidam
833 2469 963 2515 deus;

350 2528 388 2567 2.
424 2527 530 2569 deus
580 2527 769 2580 quidam
820 2535 892 2581 qui
925 2535 1021 2581 quis
1054 2534 1107 2570 sit
1139 2534 1404 2582 ignoramus,
1438 2535 1567 2571 etiam
1601 2534 1804 2571 universe
1838 2543 1996 2570 numen

287 2585 503 2659 divinum,
531 2602 619 2638 quo
653 2603 748 2629 sors
781 2593 1026 2641 impertitur
1058 2586 1350 2629 hominibuss'

342 2677 462 2725 ¹)Cf.
494 2692 526 2715 e
557 2691 611 2726 qr.
645 2677 777 2716 Max.
810 2677 931 2727 Tyr.
963 2678 1131 2717 Dissert
1164 2678 1278 2721 XIV.
1310 2679 1345 2721 5,
1377 2685 1443 2728 qui
1472 2686 1514 2718 ut
1543 2679 1798 2717 daemonesi.
1815 2692 1847 2716 e.
1865 2678 1995 2716 media

286 2735 446 2768 numina
489 2744 575 2768 esse
620 2731 775 2778 probet,
809 2731 1030 2769 Homeri
1059 2730 1173 2770 affert
1203 2731 1329 2774 locos
1360 2732 1503 2781 quibus
1532 2738 1655 2781 poeta
1684 2731 1783 2769 deos
1812 2733 1996 2779 δαίμονας

286 2782 473 2832 appellat.
525 2783 704 2821 Maxime
745 2791 878 2831 patres
924 2784 1115 2822 ecclesiae
1160 2785 1238 2823 hoc
1280 2798 1412 2823 errore
1441 2785 1585 2824 ductos
1615 2798 1701 2823 esse
1729 2783 1996 2822 Tambor-

289 2841 448 2874 -nino
477 2841 642 2885 exponit
672 2850 708 2874 o.
737 2836 759 2874 l.
791 2851 828 2885 p.
861 2838 920 2874 71.
953 2837 1062 2875 Vide
1089 2851 1207 2886 supra
1233 2851 1270 2886 p.
1307 2839 1365 2880 19,
1396 2839 1430 2876 2.
